1141 1506
159 115 516 59 Charite est la consummation

158 160 624 64 Des bõnes loix, ⁊ droicte intẽtion;

154 207 631 57 Car tu ne dois poĩt faire aucunemẽt

154 252 631 65 A ton prochain, cela que nullement

156 297 674 71 Tu ne uoudrois, nest ce pas la raison

156 343 508 68 De charite, ⁊ sa description;

155 392 280 56 Charite donne,

153 436 285 55 Et si pardonne

155 485 291 54 Parfaictement;

151 530 333 62 En dieu ordonne,

151 579 308 54 La chose bonne,

150 624 379 63 Non pour payement;

151 671 341 59 Mais simplement,

150 725 271 48 Et purement,

150 764 595 60 Le sien aux paoures abandonne;

149 813 574 60 En leur en donnant largement,

149 858 555 63 Sans distinguer l habillement

149 906 525 61 Charite a tout bien consonne.

281 955 362 54 Bon oeuure primo.

151 998 622 61 On ne cõgnoist a la robbe persõne,

149 1047 629 58 Pourtant, ie ueulx dire ma qualite

149 1093 625 61 Escoutez moy, ⁊ q̃ mot on ne sõne;

149 1139 621 60 Bon oeuure suis ensuyuãt charite,

149 1187 600 61 Pour bien faire, ie nay lieu limite

148 1234 757 67 Ne tẽps, ne habitz, ne estat, uin, ne uiãdes

153 1288 554 67 La foy me faict seruir en uerite

669 1335 109 55 A iiii
