1141 1507
228 91 754 65 Et en moymesme, elle faict choses grãdes;

227 140 662 58 Sobriete destruict langues friandes,

227 189 597 54 Humilite les orgueilleux habitz,

227 233 656 62 Et continence, abolist les galandes,

227 278 712 66 Et les galans, qui font des gros rabis.

482 326 222 60 Chrestiente.

227 366 432 58 Moderateur de paradis

228 419 681 60 Grace uous rendz des nobles dames,

228 465 524 59 Que uous auez icy transmis

229 513 626 59 Pour me regir sans nulz diffames,

227 557 485 60 La foy heretiques infames

228 602 556 59 Destruict, par la uertu diuine.

227 651 706 63 La foy monstre les grandz blasphemes,

226 702 545 52 Et les reprent par sa doctrine,

226 743 726 70 La foy nous faict ung dieu congnoistre,

224 788 444 65 Et esperance, en luy fier.

222 841 564 56 Charite nous faict apparoistre,

222 885 603 58 Comment on le doibt seul aymer,

221 934 481 54 Allons ceans nous reposer

221 974 598 63 En regardant dedans ung liure.

222 1022 583 63 Docteur, uueillez nous exposer

222 1068 603 66 Quelque bon mot se estes deliure.

302 1134 553 48 ¶Icy entre en une tente, ⁊ le docteur

301 1179 200 47 parle, et dit.

442 1218 211 57 Le docteur.

218 1265 621 71 Soyez prudens ueillans en oraison
