1141 1507
188 105 596 63 Et enuers tous obseruez charite;

187 153 574 64 Car charite, coeuure de sa toyson

188 198 614 66 Le grand nõbre, de nostre iniquite

188 244 759 69 Quand uous uerrez, le tẽps de aduersite,

187 292 666 65 Hospitalliers soyez a uoz prochains,

185 340 690 64 Nourrissez ceulx de famine prochains,

183 384 689 66 Administrans uostre bien transitoire;

188 433 738 61 Faictes hõneur aux seigneͬs souuerains,

183 478 684 67 Et si donnez a dieu l honneur ⁊ gloire.

231 528 610 63 Seruez a luy seul, en toute saison,

180 572 538 60 A ce faire, nul iour n est limite

180 619 758 67 Nulles places, aux champs, a la maison,

180 665 626 67 Uostre oraison soit faicte en uerite,

180 713 547 61 Desprit, de coeur, ⁊ de fidelite,

180 761 673 62 Et par espoir; estans du tout certains

177 807 761 60 Que dieu noꝰ ueult dõner ses biẽs haultaĩs

179 855 733 61 Meilleurs q̃ n est nostre oeuure meritoire,

182 901 730 67 Faictes doncques cõme firent les sainctz;

177 946 690 64 Et si donnez a dieu l honneur ⁊ gloire.

227 997 591 55 En oraison, ostez le long blason;

177 1043 630 60 Leuans uoz mains en toute purite

174 1088 724 63 A ung seul dieu, plus sans comparaison

177 1135 688 61 Doulx ⁊ bening, que uostre infirmite

174 1182 608 61 Ne peult penser; car par benignite

183 1229 621 56 Il abolist les pechez des humains,

172 1278 759 74 Croyans en luy, laissans faictz inhumains
