1140 1506
204 100 644 56 Il ne quiert rien de uostre territoire

202 143 754 70 Tant seullement, laissez desirs mondains

200 188 681 68 Et si donnez a dieu l honneur ⁊ gloire.

246 237 655 61 Chrestiente, purgez uoz cas uillains

200 287 673 64 Par foy en Christ; apres ce purgatoire

199 333 694 64 Amendez uous, de tous pechez forains

197 375 686 68 Et si donnez a dieu l honneur ⁊ gloire.

197 422 557 66 Gardez bien tout le decalogue,

198 470 674 60 Qui ne contient que ung monologue

195 517 671 66 Cest d aymer dieu plus que soymesme,

197 563 562 60 Et se garder quon ne desrogue,

195 607 617 69 A son uouloir; pour tout prologue

197 656 604 69 Tu aymeras en dieu, ton proesme

197 704 401 54 Luy donnant pasture,

195 750 391 63 De saincte escripture;

195 804 364 49 Qui n en aura cure,

195 843 594 69 Par S. Paul ie uous en asseure,

193 889 471 63 Qui uault pis que payen.

194 936 316 57 Tu es la facture,

190 983 277 57 Et la creature,

192 1031 415 60 Prompte a pourriture,

190 1078 471 65 Par peche ne te desnature

190 1123 400 60 Et tu auras tout bien.

212 1170 566 62 Tu ne doibtz nul autre adorer;

195 1216 584 71 Fors q̃ ung seul dieu, ⁊ lhõnorer

190 1265 476 79 Cela il ueult auoir de toy,
