1141 1507
183 130 540 59 Il te fault six iours labourer,

182 178 436 60 Et au septiesme reposer,

178 223 526 62 En exerceant oeuures de foy.

175 270 340 57 Honnore ton pere,

174 321 387 49 Cest grand uitupere,

174 362 393 56 De mal faire a mere,

173 414 501 55 Cil est digne de mort amere,

175 455 415 61 Qui transgresse la loy.

222 507 428 56 Meurtre ne doibs faire,

170 548 410 54 Ne mentir pour plaire,

172 595 408 59 N aussi pour desplaire,

167 642 625 63 Si ne ueulx griefuement meffaire;

165 690 341 57 Alencontre du roy.

212 734 528 64 Garde toy bien d estre larron,

163 782 455 59 Et de paillarder en facon

164 827 600 58 Qui soit, cõuoytãt fille ou fẽmes

160 876 568 62 De ton prochain, ou sa maison,

158 923 500 60 Cest contre dieu, ⁊ la raison.

157 966 627 67 Ceulx qui le font, ilz sont infames;

155 1014 386 60 Et de dieu maudictz,

157 1063 346 58 Escoutez mes ditz,

157 1111 361 53 Qui ueult paradis

153 1155 529 60 Auoir, il doibt garder ces dix

152 1203 534 61 Commandemens, ⁊ obseruer;

152 1249 392 54 Sans nulz contredis,

152 1301 354 66 Mais les estourdis
