1140 1506
194 120 421 58 Par leurs faulx addis

195 168 627 57 Ueullent bailler nouucaux edictz,

194 210 581 62 Et aux sainctz escritz adiouster,

193 257 495 56 Chrestiente, tu doibtz noter;

199 303 521 60 Que l escripture est suffisante

197 350 581 61 De te sauuer; sans autre attente;

198 396 570 62 Delaisse donc l humain scauoir,

197 443 570 60 Si tu ueulx de dieu grace auoir

198 490 508 58 La Bible contient tout cela.

389 538 327 59 Hypocrisie primo.

204 583 511 59 Iay tout maintenant ouy la,

195 630 660 62 Ung grand prescheur de parabolles,

199 677 645 59 Il uient tout nouueau des escolles,

197 721 503 60 Destudier en saincte Bible;

197 768 580 64 Mais ie feray tant par S. Gille

198 817 483 58 Que chrestiente me croyra,

198 868 482 55 Et autre que dieu seruira,

198 909 567 61 En adorant plusieurs images,

200 956 583 60 Il me fault auoir deux uisages;

200 1010 474 47 Lung pretendra sainctete,

199 1047 447 57 Et l autre toute faulsete;

199 1096 537 61 Ainsi soubz la couleur de bien,

203 1143 551 63 Ie paruiendray a mon moyen,

202 1190 585 61 Ie scay tout par coeͬ mes logiq̃s

200 1237 547 59 Et mes fallaces sophistiques,

202 1282 630 72 Pour bien tromper il nest que moy,
