1140 1506
200 111 480 62 Derriere lect, ⁊ deuant bel.

816 160 135 77 seorsum.

424 160 213 60 Hypocrisie.

204 202 564 61 Ie ueulx uestir ce gris mantel,

199 252 512 63 Pour aller uoir Chrestiente,

202 301 491 55 Long temps ya que iay este

199 347 608 58 En ma maison, sans uoir les gẽs

202 392 553 61 Il me desplaist des entregens,

200 439 550 54 Que font la foy ⁊ Esperance,

197 485 496 62 Et Charite; car en plaisance

198 532 469 59 Chrestiente uit auec elles,

199 578 540 60 Il me fault user de cautelles,

199 626 599 62 Mais toutesfoys il fault que face

202 671 568 66 Tout soubz couleur de ciche face

202 720 439 61 Ie prescheray d humilite,

197 768 492 60 Pour l induire a peruersite.

199 815 515 59 Ie prescheray contre auarice,

195 860 519 61 Mais ie seray tenante ⁊ ciche.

194 908 511 54 Ie prescheray contre luxure,

194 952 525 60 Mais ie seray pleine dordure.

195 1000 545 60 Ie prescheray paix ⁊ concorde,

192 1045 620 65 Mais ie uiuray en grand discorde.

195 1093 569 62 Ie prescheray qu il fault donner,

189 1139 510 53 Et si seray sans rien bailler.

193 1185 492 61 Ie prescheray les usuriers,

190 1232 524 58 Et si auray bledz en greniers.

194 1278 576 81 Je prescheray contre l yurongne,
