1141 1506
182 125 529 67 Et si auray la rouge trongne.

182 178 543 61 Ie prescheray contre homicide,

180 227 484 56 Et si luy bailleray subside;

179 271 452 60 En ce faisant ie abuseray

179 318 458 55 Chrestiente, ⁊ tromperay;

180 363 495 66 Uoyla que faict hypocrisie.

307 411 221 53 Chrestiente.

182 455 459 64 Il mest uenu en fantasie

178 507 610 62 Daller iouer ung peu aux chãps.

310 553 209 58 Hypocrisie.

179 593 532 59 Or est il maintenãt le temps,

178 642 473 59 De la Chrestiente seduire,

175 692 603 54 Car ie la ueulx par moy conduire

175 736 515 60 En l attirant a ma chordelle.

175 783 522 60 Hola, ie uoy la le corps d elle,

185 830 421 59 Il la fault aller saluer.

800 848 130 69 Pausa.

178 878 619 59 Iesus Christ uous uueille sauuer;

176 924 554 63 Chrestiente, dame ⁊ maistresse.

305 971 222 55 Chrestiente.

176 1014 614 61 Certes poͬ sauuer, le maistre est ce:

179 1064 574 61 De luy tout seul prouient salut.

311 1111 211 57 hypocrisie.

175 1155 529 56 Ce mot la, nest point absolut,

179 1206 590 57 Il nous fault bien des aduocatz,

176 1252 597 68 Comme l on uoit chez les prelatz,
