1140 1506
207 135 723 69 Ou chez les roix, en leurs grandz cours.

341 176 223 58 Chrestiente.

207 222 524 61 Iusques icy i auoye tousiours

198 271 540 59 Creu âŠ pense que ce fut Christ.

200 317 511 58 Car en S. Paul il est escript

203 363 491 59 Qu il est le seul mediateur.

202 453 577 64 On doibt auoir ung confesseur,

357 412 213 57 Hypocrisie.

198 503 516 60 Et des images au monstier,

199 548 466 56 Lesquelles il fault adorer

199 597 438 61 Sur peine d inobedience.

336 645 222 54 Chrestiente.

199 688 521 58 Ie pensoys en ma conscience,

199 736 504 55 Qu il ne fallut auoir figure

199 784 436 58 Ne image de la creature;

200 828 549 68 Puis que dieu lauoit defendu.

340 877 214 56 Hypocrisie.

199 924 571 56 Uous nauez point bien entendu

199 968 530 67 Ce passage, qu il fault glosser.

360 1017 223 57 Chrestiente.

199 1062 581 63 Mais l antechrist (ce fault noter)

198 1111 581 57 Doibt corrompre les escriptures

197 1157 577 60 En les glossant aux auentures,

197 1202 585 65 Uostre uie me faict uous croyre.

357 1251 210 59 Hypocrisie.

204 1292 556 78 Ie ne uous ay point dit encore
