1141 1507
234 105 535 59 De braire les passans estonne

232 155 548 54 Quelcun entende a ma priere;

236 200 524 57 Ie ne uoy couleur ne lumiere

232 247 603 59 Et n ay forme de yeulx au uisage.

234 293 556 62 Mes amys uoyez ma maniere;

238 341 439 58 Ie crie deuant âŠ derriere,

236 388 561 62 Pensant y trouuer aduantaige;

232 432 371 60 Est il don ne gaige,

234 480 479 62 Que pour mon language,

246 528 358 57 Ie puisse conquerre;

247 576 354 54 Ie tiens cy mesnage

232 620 383 59 Au meilleur passage,

234 666 379 58 Qui soit sur la terre;

234 713 604 63 Mais ie ne scay plus qui requerre,

233 763 562 60 Car ie ny congnoys fol ny sage

236 810 550 59 Helas, a ce paoure homme; he?

234 855 497 57 Aueugle suis mal fortune,

236 900 544 61 Uueillez quelque chose donner

237 948 520 57 Mes amys; ie nay que disner

238 998 626 60 Departez moy quelques morceaux.

428 1042 199 55 Le uarlet.

248 1086 534 64 Ie regarde sur noz drappeaux

242 1136 518 58 Son y a iecte quelque maille,

245 1182 512 62 Oy, tantost; baille luy baille

243 1230 436 59 Il ny a denier ne demy.

432 1275 202 62 L aueugle.
