1141 1506
138 100 627 59 Ung paoure hõme na point damy,

143 149 531 63 Il ne si fault ia trop attendre.

333 197 195 55 Le uarlet.

135 240 630 62 He? uueillez uostre main estendre,

136 291 713 65 Sur ce paoure hõme qui ne uoit goutte.

330 338 195 53 L aueugle.

134 384 502 57 A ce mur, ame ne mescoutte;

136 430 559 63 Ma teste pour neant se combat.

327 479 242 55 Bon oeuure.

134 524 472 59 Mon amy sans nul debat

134 569 497 54 Nattendez plus, il nya ame

135 619 611 58 Venez tantost, mais que ma dame

133 665 499 54 Soit de son esbat retournee.

326 710 222 59 Chrestiente.

133 756 567 62 Helas est il femme de mere nee,

131 805 579 57 Plus fortunee, abbatue ⁊ remise

133 852 753 59 Que moy? las non. Ie suis nuyt ⁊ iournee,

135 903 626 52 Importunee, estrangement menee,

130 946 736 56 Abandonnee, a grandz maulx ⁊ submise.

131 991 696 59 Las;suis ie mise, ainsi par chose omise,

133 1037 751 59 Ou coulpe admise, encõtre mon sauueur,

130 1084 690 60 Ie sens en moy une tres grand chaleur.

130 1129 512 58 Quelle ualeur, quelle sante,

130 1175 557 57 Quelle couleur, quelle beaulte,

129 1223 502 59 Ay ie eu; qui suis Chrestiente

131 1267 471 84 De Iesus christ instituee?

656 1320 88 60 B ii
