1140 1507
235 105 605 58 Pour ualeur, malheur, paourete,

238 149 430 54 M est uenue; ⁊ en uerite

241 198 496 60 Ie suis comme a demy tuee.

412 246 138 60 Peche.

238 287 477 67 Ha? que uous estes abusee

238 336 513 62 Dainsy penser estre malade;

236 384 484 64 Uous nestes palle, ny usee

238 429 626 63 Mais forte, fresche, saine ⁊ radde,

238 479 444 64 Ne soyez plus cy amusee

238 524 540 57 A faire en ce point la couuade;

238 571 607 59 Allons anx champs sur la rousee,

241 617 516 59 Nous rafreschir d une salade.

414 668 227 60 Chrestiente.

238 710 627 58 Uous me chantez estrange aubade,

241 757 560 70 Qui dictes que ie n ay nul mal.

417 808 136 61 Peche.

241 846 570 69 Non,. uous feriez une gambade

241 899 582 64 Ce n est qung sommeil anormal.

417 948 227 56 Chrestiente.

246 988 559 63 Toutesfoys, si suis ie fort fade

245 1039 564 61 Pour courre a pied ou a cheual,

246 1083 564 64 Ie ne puis aller longue estrade,

256 1131 449 67 Il faut reposer en ce ual.

419 1185 139 55 Peche.

246 1221 553 61 Nous penserons du principal,

238 1270 582 80 Cest de rafreschir noz gorgettes;
