1140 1507
222 125 496 63 A faire mal a la Chrestiente;

222 177 364 55 Uoicy de larchenicq,

222 223 313 52 Uoicy du riagal.

221 263 387 63 Uoicy uenin d aspicq.

221 312 362 59 Uoicy poison esgal,

219 362 360 56 A cil que hannibal,

218 403 440 60 Beut quand il se deffit.

216 450 485 57 Cest ord uenin sera confit,

216 497 447 53 Auec ceste orde platellee;

216 543 436 62 Ainsi sera a mon proffit

216 590 412 63 Chrestiente ensorcellee.

373 639 347 60 Le medecin primo.

263 683 610 64 Medecin suis, duquel la medecine

213 730 637 59 Remede insigne, est aux medecinez.

214 779 704 61 Medecin suis, qui langueurs medecine,

213 825 758 61 Et me designe; aux bons armez de signes,

213 871 759 63 Ron de racine, aincoys de mesdictz signes.

212 920 610 60 Homme cy naiz, qui estes designez

212 966 764 60 Tournez icy uoz coeurs, yeulx, bouche et

212 1012 759 64 Ie suis le seul medecin des humaĩs. (maĩs

212 1062 378 55 Pour recipe, drogue,

214 1107 367 57 Iullet sur ou rogue,

208 1152 370 57 Sirop, bollus, casse

207 1200 397 60 Au mal qui desrogue;

207 1244 354 62 Rien ie ne prorogue

209 1294 410 74 Que ma sante ⁊ grace.
