1141 1506
222 115 708 63 Quand le p̃mier hõme a mal samordit,

171 163 730 65 Et quil mordist, au fruict dont se repent;

173 210 729 67 Langueur ⁊ mort, son corps ⁊ ame ordist

171 256 598 65 Mal l hardist, ⁊ uenin le mordist

173 303 689 67 Que luy ourdist, le uenimeux serpent;

170 352 630 62 Encores pend ce poison en l arpent,

171 396 759 67 Lequel despend Dadam le premier hõme,

174 444 714 71 Quand le serpent enuenyma la pomme.

173 489 278 59 Le uenin actif,

174 535 341 63 Froit, aspre ⁊ hatif

174 582 354 61 Tost l empoisonna.

173 627 296 55 Si fut maladif,

176 676 302 58 Infime ⁊ tardif;

171 726 435 58 Dont grand poix on a.

220 775 703 63 Mais pour dõner aux hõmes guarison,

169 818 629 64 Contre poison uenimeux ⁊ mortel;

171 865 649 61 En temps preueu, ⁊ certaine saison,

171 911 697 64 De ma maison, ou sont biens a foison,

173 957 680 63 Suis pour raison uenu au bas hostel;

171 1007 687 62 Dieu immortel, me fiz homme mortel,

173 1051 664 64 Soubz le martel de passion tres dure;

173 1100 710 62 Pour reguarir l homme de toute ordure;

176 1144 392 60 Ien fays seul la cure,

174 1196 400 56 Par mon sang le cure,

173 1238 435 64 La boitte est mon corps;

174 1283 353 76 Duquel ouuerture

702 1335 102 63 B iiii
