1141 1506
358 135 228 53 Le medecin.

178 175 493 63 Son nom est ung deriuatif

176 227 515 60 De mon nom; car chrestiente

175 269 625 67 Uient de Christ son uray primitif,

174 317 599 64 Donc en son nom, est Christ ente;

170 363 384 62 Chrestiente, en lunite

175 411 545 57 Foy ⁊ bonte, de Christ procede;

169 456 467 58 Mais elle perd sa dignite,

168 503 596 66 Quand par son peche elle excede.

347 553 240 63 Inspiration.

169 594 556 58 Il y fault donc mettre remede,

165 643 588 61 Mais dont uient l inconuenient;

343 691 224 60 Le medecin.

160 732 630 67 Scauez uous dont ce mal luy uiẽt,

159 783 626 65 Cest une ignorance moult griefue,

160 829 580 67 Qui loeil de la teste luy criefue;

156 877 452 54 Cest adire l entendement.

159 923 439 62 Il y a desia longuement

156 972 482 54 Que Chrestiente est debile,

154 1017 488 63 Et a bien faire mal habile,

151 1061 540 58 Et de faict, ung temps a este

153 1111 561 57 Quelle a congneu sa paourete;

151 1158 577 58 Mais peche par uaine plaisance

151 1204 500 62 Luy a oste la congnoissance

151 1251 521 64 De son mal, ⁊ iacture amere;

153 1300 503 72 Parquoy ignorance la mere
