1141 1507
221 115 608 63 De tous erreurs, luy faict sembler

222 168 624 59 Que aucun mal ne la peult greuer;

221 209 529 63 Et si est presques au trespas.

414 256 235 65 Inspiration.

219 303 563 62 Cest donc pour uenir pas a pas

219 351 596 58 Au profond des crimes enormes;

219 396 624 64 Ueu que pechez qui sont difformes,

222 447 491 56 Plaisent tant a la creature;

221 489 495 61 Et que la hardie infracture

223 534 626 61 Des sainctz cõmandemẽs de dieu;

224 583 489 59 N est point poisee, ⁊ si a lieu

223 629 684 66 Sãs remors, sãs mode, ⁊ sãs craincte.

415 678 223 59 Le medecin.

221 723 516 61 Chrestiente est pres esteincte,

224 773 536 59 Par peche, ⁊ doulx blasonner

223 817 532 62 Lequel s en ua l empoisonner,

224 862 508 66 Du grief uenin dambition;

226 912 393 57 Pour ce sans dilation

226 953 443 65 Iectez sur le uenin hatif

222 1002 479 64 Le doulx sirop preparatif,

224 1048 507 67 Lequel est pour son efficace,

224 1100 489 55 Nomme preueniente grace,

224 1145 444 60 Car par luy gardee sera.

422 1198 240 55 Inspiration.

228 1238 627 63 Tout le mieulx que faire on scaura

228 1284 523 78 Uostre uouloir sera parfaict.
