1141 1507
222 126 559 58 Uous mẽtez trauers le uisage

219 168 483 63 Allez ailleurs faire caquet,

222 216 626 56 Uoulez uous troubler le bancquet

222 263 499 61 Ny pensez point elle rasotte;

222 311 531 59 Mamye, ce nest que une sotte

223 356 488 62 Parlant par follie ⁊ enuie.

224 444 502 65 Gardez bien sur uostre uie

403 403 244 57 Inspiration.

223 498 703 60 D en manger, ce sont mors soubdaines.

394 543 138 59 Peche.

221 585 630 64 Et ce sont uoz fiebures quartaines

223 637 669 56 Qui uous puissent les reins sangler,

221 681 476 61 Mamye, laissez la iangler

223 728 716 65 Mangeons quand le temps est appoint.

424 781 238 56 Inspiration.

227 825 628 52 Ha? non faictes n en mangez point

227 871 666 59 Gardez bien d en mettre en la bouche,

223 923 586 54 Autant que la uie uous touche;

224 964 653 59 Si uous en mangez, uous mourrez

224 1009 582 60 Si uous le laissez uous uiurez,

227 1056 460 59 Essisez la uie ou la mort.

418 1105 225 57 Chrestiente.

228 1149 602 62 Mais uous me desconseillez fort,

229 1195 580 57 Quel mal m en peult il aduenir

228 1242 586 64 D en manger, si ie ueulx fournir

228 1289 509 72 A mon appetit; ce me semble
