<?xml version="1.0" encoding="UTF-8"?>
<alto xmlns:xsi="http://www.w3.org/2001/XMLSchema-instance"
      xmlns="http://www.loc.gov/standards/alto/ns-v4#"
      xsi:schemaLocation="http://www.loc.gov/standards/alto/ns-v4# http://www.loc.gov/standards/alto/v4/alto-4-2.xsd">
  <Description>
    <MeasurementUnit>pixel</MeasurementUnit>
    <sourceImageInformation>
      <fileName>33_566ef_default.jpg</fileName>
      <fileIdentifier>https://www.e-rara.ch/zuz/i3f/v20/165336/full/full/0/default.jpg</fileIdentifier>
    </sourceImageInformation>
  </Description>
  
  <Tags>
    <OtherTag ID="BT702" LABEL="MainZone" DESCRIPTION="block type MainZone"/><OtherTag ID="BT703" LABEL="RunningTitleZone" DESCRIPTION="block type RunningTitleZone"/><OtherTag ID="BT704" LABEL="NumberingZone" DESCRIPTION="block type NumberingZone"/><OtherTag ID="BT705" LABEL="QuireMarksZone" DESCRIPTION="block type QuireMarksZone"/><OtherTag ID="BT706" LABEL="TitlePageZone" DESCRIPTION="block type TitlePageZone"/><OtherTag ID="BT707" LABEL="StampZone" DESCRIPTION="block type StampZone"/><OtherTag ID="BT709" LABEL="MarginTextZone" DESCRIPTION="block type MarginTextZone"/>
    <OtherTag ID="LT236" LABEL="DefaultLine" DESCRIPTION="line type DefaultLine"/><OtherTag ID="LT237" LABEL="HeadingLine" DESCRIPTION="line type HeadingLine"/>
  </Tags>
  
  <Layout>
    <Page WIDTH="1141"
          HEIGHT="1507"
          PHYSICAL_IMG_NR="33"
          ID="eSc_dummypage_">
      <PrintSpace HPOS="0"
                  VPOS="0"
                  WIDTH="1141"
                  HEIGHT="1507">
        

        
        <TextBlock ID="eSc_dummyblock_">
          
          
          <TextLine ID="eSc_line_e3185285"
                    
                    BASELINE="224 164 340 155 736 153" 
                    HPOS="223"
                    VPOS="110"
                    WIDTH="513"
                    HEIGHT="62">
            <Shape><Polygon POINTS="726 114 713 114 701 114 688 114 676 114 663 114 650 114 638 114 625 114 613 114 600 113 588 113 575 113 562 113 550 113 537 113 525 113 512 113 500 113 487 113 474 111 462 111 461 113 449 111 437 111 424 111 412 111 399 111 387 111 379 111 373 114 365 111 361 111 349 111 336 110 326 110 302 115 295 110 286 110 273 110 261 110 248 110 236 110 223 110 224 164 224 168 283 172 285 172 286 172 287 172 294 168 300 163 368 163 393 165 432 170 433 170 434 170 449 164 458 162 476 164 501 168 502 168 529 163 546 160 576 163 645 168 647 168 735 159 736 153 732 114 726 114"/></Shape>
	    <String CONTENT="Il fault espandre le uaisseau"
                    HPOS="223"
                    VPOS="110"
                    WIDTH="513"
                    HEIGHT="62"></String>
          </TextLine>

          
          
          <TextLine ID="eSc_line_79e5cce2"
                    
                    BASELINE="825 153 937 155" 
                    HPOS="825"
                    VPOS="115"
                    WIDTH="112"
                    HEIGHT="55">
            <Shape><Polygon POINTS="926 119 913 119 900 118 888 118 875 116 863 116 853 115 836 115 825 121 825 153 825 168 845 163 868 165 899 170 900 170 936 162 937 155 931 124 926 119"/></Shape>
	    <String CONTENT="fundit"
                    HPOS="825"
                    VPOS="115"
                    WIDTH="112"
                    HEIGHT="55"></String>
          </TextLine>

          
          
          <TextLine ID="eSc_line_2297c879"
                    
                    BASELINE="214 207 721 199" 
                    HPOS="213"
                    VPOS="155"
                    WIDTH="508"
                    HEIGHT="66">
            <Shape><Polygon POINTS="251 163 238 164 226 164 224 162 213 169 214 207 214 213 296 221 297 221 299 221 331 212 334 212 336 212 361 219 363 219 364 219 365 219 380 212 384 210 443 210 446 210 457 218 458 218 459 218 461 218 462 218 486 210 490 209 493 210 516 217 517 217 518 217 520 217 521 217 530 209 531 209 549 209 692 214 693 214 694 214 721 207 721 199 718 165 673 159 672 159 593 165 552 155 551 155 550 155 549 155 547 155 536 165 506 156 505 156 503 156 441 165 355 159 354 159 353 159 351 159 341 168 315 159 314 159 312 159 311 159 295 168 251 162 251 163"/></Shape>
	    <String CONTENT="Du preseruatif tout a coup."
                    HPOS="213"
                    VPOS="155"
                    WIDTH="508"
                    HEIGHT="66"></String>
          </TextLine>

          
          
          <TextLine ID="eSc_line_53aa7249"
                    
                    BASELINE="828 198 908 195" 
                    HPOS="825"
                    VPOS="155"
                    WIDTH="83"
                    HEIGHT="54">
            <Shape><Polygon POINTS="828 198 828 209 908 207 908 195 906 162 841 155 840 155 839 155 825 160 828 198"/></Shape>
	    <String CONTENT="uas."
                    HPOS="825"
                    VPOS="155"
                    WIDTH="83"
                    HEIGHT="54"></String>
          </TextLine>

          
          
          <TextLine ID="eSc_line_2b197627"
                    
                    BASELINE="400 246 537 248" 
                    HPOS="399"
                    VPOS="204"
                    WIDTH="138"
                    HEIGHT="59">
            <Shape><Polygon POINTS="425 204 413 204 400 204 400 246 399 259 459 253 472 258 486 263 487 263 488 263 490 263 502 257 507 254 535 254 537 248 536 212 434 204 425 204"/></Shape>
	    <String CONTENT="Peche."
                    HPOS="399"
                    VPOS="204"
                    WIDTH="138"
                    HEIGHT="59"></String>
          </TextLine>

          
          
          <TextLine ID="eSc_line_678a7437"
                    
                    BASELINE="217 306 317 296 813 288" 
                    HPOS="216"
                    VPOS="244"
                    WIDTH="597"
                    HEIGHT="67">
            <Shape><Polygon POINTS="780 247 767 246 762 244 753 252 737 246 736 246 735 246 668 253 667 253 666 253 622 244 620 244 541 256 537 256 535 256 507 248 503 248 496 248 485 257 483 257 478 257 428 248 427 248 425 248 424 248 424 249 415 257 415 258 414 257 398 251 397 251 395 251 346 258 339 259 333 258 292 251 291 251 290 251 277 257 222 252 221 252 219 252 218 252 218 253 217 253 216 254 217 306 217 311 510 300 517 303 522 307 524 307 525 307 526 307 556 302 566 301 578 302 619 306 620 306 622 306 623 306 623 305 628 300 630 297 638 300 650 305 652 305 653 305 654 305 655 305 663 300 664 298 666 300 672 305 673 305 674 305 676 305 677 305 694 298 699 297 709 298 755 303 756 303 811 295 813 288 805 251 782 247 780 247"/></Shape>
	    <String CONTENT="Ie croy quelle est prinse a ce coup,"
                    HPOS="216"
                    VPOS="244"
                    WIDTH="597"
                    HEIGHT="67"></String>
          </TextLine>

          
          
          <TextLine ID="eSc_line_2f9f9db8"
                    
                    BASELINE="213 344 775 336" 
                    HPOS="213"
                    VPOS="292"
                    WIDTH="562"
                    HEIGHT="65">
            <Shape><Polygon POINTS="250 303 237 305 224 306 213 344 213 349 301 355 302 355 340 349 348 355 348 356 349 356 350 356 351 357 393 357 393 356 394 356 395 356 404 349 422 355 423 355 424 355 459 347 487 355 488 355 490 355 491 355 492 355 492 354 493 354 500 346 672 352 673 352 747 351 748 351 775 341 775 336 772 300 713 292 712 292 711 292 709 292 696 301 692 303 605 303 589 302 497 295 496 295 417 305 400 296 399 296 398 296 397 296 376 307 374 308 302 308 297 308 261 302 250 303"/></Shape>
	    <String CONTENT="Plus n y fault fillet ny aguille,"
                    HPOS="213"
                    VPOS="292"
                    WIDTH="562"
                    HEIGHT="65"></String>
          </TextLine>

          
          
          <TextLine ID="eSc_line_2272f1cd"
                    
                    BASELINE="214 391 872 381" 
                    HPOS="213"
                    VPOS="337"
                    WIDTH="659"
                    HEIGHT="67">
            <Shape><Polygon POINTS="867 347 854 344 841 340 811 337 810 337 775 342 751 347 691 347 683 344 678 341 677 341 676 341 674 341 673 341 671 344 664 349 529 350 508 345 497 342 496 342 495 342 493 342 487 345 477 351 354 352 335 347 329 345 327 345 326 345 213 347 214 391 214 404 299 396 351 401 364 401 365 401 366 401 370 400 385 395 566 395 841 395 843 395 844 395 872 386 872 381 869 347 867 347"/></Shape>
	    <String CONTENT="Coulleuure, ou limonneuse anguille,"
                    HPOS="213"
                    VPOS="337"
                    WIDTH="659"
                    HEIGHT="67"></String>
          </TextLine>

          
          
          <TextLine ID="eSc_line_db61a8e4"
                    
                    BASELINE="214 438 770 430" 
                    HPOS="213"
                    VPOS="386"
                    WIDTH="557"
                    HEIGHT="64">
            <Shape><Polygon POINTS="214 438 214 444 291 450 292 450 294 450 295 450 305 444 306 443 317 444 378 449 379 449 380 449 395 443 399 442 408 443 446 448 447 448 448 448 449 448 457 442 458 442 483 442 647 445 648 445 649 445 650 445 650 444 655 440 657 439 658 439 674 445 676 445 677 445 678 445 679 445 688 439 691 439 769 439 770 430 767 395 731 388 730 388 691 394 681 386 679 386 678 386 677 386 676 386 657 395 633 388 632 388 630 388 581 396 507 389 506 389 505 389 503 389 495 395 462 390 461 390 459 390 458 390 458 391 452 398 395 399 219 393 218 393 217 393 216 393 216 394 214 394 213 394 214 438"/></Shape>
	    <String CONTENT="Ne fit onc mais si beaulx saulx"
                    HPOS="213"
                    VPOS="386"
                    WIDTH="557"
                    HEIGHT="64"></String>
          </TextLine>

          
          
          <TextLine ID="eSc_line_dacc6589"
                    
                    BASELINE="217 484 863 473" 
                    HPOS="216"
                    VPOS="432"
                    WIDTH="647"
                    HEIGHT="61">
            <Shape><Polygon POINTS="857 439 814 432 813 432 811 432 779 440 777 440 753 433 752 433 751 433 750 433 720 442 716 442 711 442 679 437 678 437 644 442 634 444 571 444 567 443 559 438 557 438 556 438 555 438 536 443 531 444 530 443 525 438 524 438 522 438 521 438 520 438 507 443 501 447 216 447 217 484 217 493 862 488 863 473 860 453 857 439"/></Shape>
	    <String CONTENT="Quelle aura aux premiers assaulx,"
                    HPOS="216"
                    VPOS="432"
                    WIDTH="647"
                    HEIGHT="61"></String>
          </TextLine>

          
          
          <TextLine ID="eSc_line_f40bb028"
                    
                    BASELINE="216 533 716 524" 
                    HPOS="216"
                    VPOS="480"
                    WIDTH="500"
                    HEIGHT="60">
            <Shape><Polygon POINTS="216 533 216 540 643 538 715 529 716 524 715 488 699 482 698 482 697 482 696 482 672 489 671 489 668 489 645 480 644 480 643 480 642 480 624 491 618 494 611 491 599 482 598 482 596 482 595 482 594 482 593 482 593 483 584 492 581 494 524 494 510 493 431 484 429 484 428 484 395 497 393 497 392 497 359 487 358 487 356 487 321 493 307 487 306 487 305 487 304 487 302 487 302 488 295 496 278 489 277 489 276 489 275 489 255 501 252 502 222 502 216 533"/></Shape>
	    <String CONTENT="Car ie lay mise en mal estat,"
                    HPOS="216"
                    VPOS="480"
                    WIDTH="500"
                    HEIGHT="60"></String>
          </TextLine>

          
          
          <TextLine ID="eSc_line_6dd2db1c"
                    
                    BASELINE="407 575 627 575" 
                    HPOS="407"
                    VPOS="529"
                    WIDTH="220"
                    HEIGHT="57">
            <Shape><Polygon POINTS="461 529 459 529 457 529 444 529 432 529 423 529 407 537 407 575 407 583 625 586 627 575 627 540 581 540 581 538 573 531 571 531 570 531 569 531 567 531 554 538 541 529 540 529 539 529 537 529 476 538 474 538 473 538 462 529 461 529"/></Shape>
	    <String CONTENT="Chrestiente."
                    HPOS="407"
                    VPOS="529"
                    WIDTH="220"
                    HEIGHT="57"></String>
          </TextLine>

          
          
          <TextLine ID="eSc_line_4fe82550"
                    
                    BASELINE="217 626 795 619" 
                    HPOS="216"
                    VPOS="573"
                    WIDTH="579"
                    HEIGHT="63">
            <Shape><Polygon POINTS="781 578 769 575 764 573 713 580 676 573 674 573 673 573 655 581 637 573 635 573 634 573 633 573 599 582 524 576 517 576 505 576 503 576 497 582 476 576 474 576 473 576 472 576 471 576 462 583 434 577 433 577 432 577 405 585 233 578 232 578 231 578 216 586 217 626 217 630 291 636 292 636 355 629 359 629 361 629 394 635 395 635 462 627 466 627 468 627 503 634 505 634 506 634 524 626 525 626 541 626 669 631 671 631 672 631 698 624 701 624 702 624 711 630 712 630 713 630 715 630 795 622 795 619 794 581 781 578"/></Shape>
	    <String CONTENT="Le coeur pres l estomach me bat;"
                    HPOS="216"
                    VPOS="573"
                    WIDTH="579"
                    HEIGHT="63"></String>
          </TextLine>

          
          
          <TextLine ID="eSc_line_eb5e3d20"
                    
                    BASELINE="218 673 839 664" 
                    HPOS="217"
                    VPOS="620"
                    WIDTH="622"
                    HEIGHT="61">
            <Shape><Polygon POINTS="833 634 820 625 787 621 786 621 740 627 738 627 737 627 709 620 708 620 707 620 663 629 658 629 653 629 608 621 606 621 604 621 590 629 578 622 569 622 562 622 552 629 552 630 551 629 541 622 531 622 512 630 510 630 498 630 417 624 405 625 394 625 388 630 387 632 383 630 369 625 368 625 359 625 334 631 325 632 311 631 270 626 267 626 255 626 251 626 217 631 218 673 218 679 564 681 565 681 566 681 567 681 571 679 580 674 593 679 598 680 599 680 600 680 601 680 606 679 623 674 649 679 659 680 660 680 674 679 720 673 836 678 839 664 834 635 833 634"/></Shape>
	    <String CONTENT="Mon chief fẽd, mõ fiel boult en ire;"
                    HPOS="217"
                    VPOS="620"
                    WIDTH="622"
                    HEIGHT="61"></String>
          </TextLine>

          
          
          <TextLine ID="eSc_line_d4f12672"
                    
                    BASELINE="223 725 253 719 338 715 686 712" 
                    HPOS="222"
                    VPOS="675"
                    WIDTH="464"
                    HEIGHT="55">
            <Shape><Polygon POINTS="223 725 223 730 317 722 684 722 686 712 682 675 222 678 223 725"/></Shape>
	    <String CONTENT="Ie ne demande que debat,"
                    HPOS="222"
                    VPOS="675"
                    WIDTH="464"
                    HEIGHT="55"></String>
          </TextLine>

          
          
          <TextLine ID="eSc_line_cbe5c92e"
                    
                    BASELINE="217 766 790 758" 
                    HPOS="216"
                    VPOS="715"
                    WIDTH="574"
                    HEIGHT="59">
            <Shape><Polygon POINTS="241 723 228 725 227 722 216 728 217 766 217 774 692 771 693 771 694 771 703 764 704 764 706 764 764 769 765 769 766 769 790 762 790 758 789 723 767 715 766 715 765 715 688 723 623 717 622 717 620 717 595 724 502 718 501 718 383 727 243 722 241 723"/></Shape>
	    <String CONTENT="Le coeur pres l estomach me bat."
                    HPOS="216"
                    VPOS="715"
                    WIDTH="574"
                    HEIGHT="59"></String>
          </TextLine>

          
          
          <TextLine ID="eSc_line_91296143"
                    
                    BASELINE="218 813 839 806" 
                    HPOS="217"
                    VPOS="762"
                    WIDTH="622"
                    HEIGHT="61">
            <Shape><Polygon POINTS="834 762 664 769 652 766 640 762 639 762 638 762 637 762 635 762 635 763 632 766 627 771 599 767 569 763 567 763 566 763 554 768 545 772 422 773 408 772 379 767 378 767 330 773 317 774 305 773 229 767 228 767 227 767 226 767 217 772 218 813 222 822 226 817 272 821 307 823 309 823 310 823 311 823 316 820 324 816 350 820 369 822 370 822 399 818 436 815 474 817 520 821 521 821 522 821 524 821 529 817 535 813 574 816 629 820 630 820 838 811 839 806 835 762 834 762"/></Shape>
	    <String CONTENT="Mes mains entre elles font cõbat,"
                    HPOS="217"
                    VPOS="762"
                    WIDTH="622"
                    HEIGHT="61"></String>
          </TextLine>

          
          
          <TextLine ID="eSc_line_01f56bb2"
                    
                    BASELINE="218 860 795 852" 
                    HPOS="217"
                    VPOS="808"
                    WIDTH="578"
                    HEIGHT="62">
            <Shape><Polygon POINTS="727 808 692 816 667 808 666 808 664 808 663 808 634 816 614 810 606 810 603 810 593 817 571 810 570 810 569 810 502 818 474 811 473 811 472 811 471 811 469 811 458 818 449 811 448 811 447 811 443 811 431 811 418 812 405 812 403 812 382 820 326 812 317 812 299 821 232 813 231 813 229 813 228 813 217 820 218 860 218 870 257 864 334 869 338 869 339 869 340 869 341 869 351 862 408 867 409 867 410 867 423 861 448 867 449 867 451 867 452 867 456 867 511 860 527 866 529 866 530 866 532 866 571 860 659 865 671 865 672 865 673 865 676 865 701 857 794 862 795 852 792 816 728 808 727 808"/></Shape>
	    <String CONTENT="Les cheueulx de mõ chief ie tire;"
                    HPOS="217"
                    VPOS="808"
                    WIDTH="578"
                    HEIGHT="62"></String>
          </TextLine>

          
          
          <TextLine ID="eSc_line_bf07da40"
                    
                    BASELINE="218 905 785 897" 
                    HPOS="217"
                    VPOS="855"
                    WIDTH="568"
                    HEIGHT="61">
            <Shape><Polygon POINTS="500 857 498 857 375 867 351 860 350 860 349 860 301 869 237 861 236 861 234 861 217 869 218 905 218 916 251 910 300 915 307 915 309 915 310 915 311 915 326 909 376 912 390 914 392 914 393 914 397 912 410 907 466 911 500 912 501 912 785 902 785 897 782 864 704 855 703 855 702 855 701 855 687 864 628 856 627 856 625 856 624 856 614 865 535 865 527 858 527 857 526 857 525 857 506 857 500 857"/></Shape>
	    <String CONTENT="Le coeur pres l estomach me bat-"
                    HPOS="217"
                    VPOS="855"
                    WIDTH="568"
                    HEIGHT="61"></String>
          </TextLine>

          
          
          <TextLine ID="eSc_line_241b7f62"
                    
                    BASELINE="218 953 841 946" 
                    HPOS="217"
                    VPOS="899"
                    WIDTH="624"
                    HEIGHT="62">
            <Shape><Polygon POINTS="833 910 830 909 747 909 717 899 716 899 715 899 713 899 692 909 541 901 540 901 481 910 469 902 468 902 458 902 431 911 414 902 405 904 403 904 365 910 346 904 343 904 334 904 304 911 296 905 292 905 280 905 267 905 255 905 242 905 236 905 234 905 217 912 218 953 218 961 841 955 841 946 839 914 833 910"/></Shape>
	    <String CONTENT="Mõ chief fend, mõ fiel boult en ire."
                    HPOS="217"
                    VPOS="899"
                    WIDTH="624"
                    HEIGHT="62"></String>
          </TextLine>

          
          
          <TextLine ID="eSc_line_759c23c7"
                    
                    BASELINE="410 997 622 994" 
                    HPOS="409"
                    VPOS="950"
                    WIDTH="213"
                    HEIGHT="58">
            <Shape><Polygon POINTS="573 950 560 950 559 950 536 954 512 958 425 951 422 951 409 951 410 997 410 1002 481 1008 482 1008 483 1008 485 1008 485 1007 491 1002 492 1002 576 1007 578 1007 620 999 622 994 619 958 590 958 589 956 581 950 573 950"/></Shape>
	    <String CONTENT="Hypocrisie."
                    HPOS="409"
                    VPOS="950"
                    WIDTH="213"
                    HEIGHT="58"></String>
          </TextLine>

          
          
          <TextLine ID="eSc_line_044ab79c"
                    
                    BASELINE="222 1052 272 1044 356 1042 751 1038" 
                    HPOS="219"
                    VPOS="992"
                    WIDTH="532"
                    HEIGHT="66">
            <Shape><Polygon POINTS="547 995 535 995 530 995 522 999 512 1003 490 998 482 997 472 997 461 997 459 998 454 1003 423 998 413 997 409 997 408 995 403 995 402 995 400 995 393 998 374 1004 219 998 222 1052 222 1058 258 1051 366 1054 405 1056 407 1056 408 1056 409 1056 412 1053 417 1049 437 1053 452 1054 453 1054 471 1052 491 1048 502 1051 517 1054 518 1054 520 1054 552 1049 569 1047 581 1048 611 1053 613 1053 750 1043 751 1038 750 998 741 992 740 992 738 992 737 992 736 992 718 999 717 1000 716 999 706 992 704 992 703 992 702 992 701 992 699 992 688 999 684 1002 611 1002 585 999 556 995 547 995"/></Shape>
	    <String CONTENT="Il uous fault aller d une tire"
                    HPOS="219"
                    VPOS="992"
                    WIDTH="532"
                    HEIGHT="66"></String>
          </TextLine>

          
          
          <TextLine ID="eSc_line_2e9dff7d"
                    
                    BASELINE="218 1091 779 1085" 
                    HPOS="217"
                    VPOS="1041"
                    WIDTH="562"
                    HEIGHT="64">
            <Shape><Polygon POINTS="255 1048 242 1049 229 1052 228 1049 217 1053 218 1091 218 1101 261 1097 266 1102 267 1102 267 1103 268 1103 270 1103 271 1105 317 1105 317 1103 319 1103 320 1103 324 1101 331 1096 374 1100 408 1102 409 1102 410 1102 425 1098 443 1095 508 1097 590 1100 591 1100 593 1100 594 1100 599 1095 600 1095 606 1100 608 1100 609 1100 610 1101 664 1101 664 1100 699 1093 706 1092 712 1092 756 1098 757 1098 758 1098 779 1091 779 1085 775 1043 737 1048 730 1043 725 1041 723 1041 722 1041 721 1041 687 1042 686 1042 673 1044 654 1049 627 1046 595 1042 594 1042 593 1042 591 1042 584 1047 580 1049 576 1047 567 1042 566 1042 565 1042 564 1042 562 1042 542 1048 531 1051 515 1048 476 1043 474 1043 473 1043 447 1051 438 1053 344 1053 344 1052 331 1044 330 1044 329 1044 327 1044 294 1046 292 1046 291 1046 291 1047 283 1053 255 1047 255 1048"/></Shape>
	    <String CONTENT="En uoyage a sainct Mathelin,"
                    HPOS="217"
                    VPOS="1041"
                    WIDTH="562"
                    HEIGHT="64"></String>
          </TextLine>

          
          
          <TextLine ID="eSc_line_f356fa0f"
                    
                    BASELINE="221 1144 350 1136 769 1130" 
                    HPOS="219"
                    VPOS="1088"
                    WIDTH="550"
                    HEIGHT="64">
            <Shape><Polygon POINTS="221 1144 221 1152 287 1145 338 1150 349 1151 350 1151 365 1150 420 1142 461 1147 472 1149 473 1149 474 1149 476 1149 478 1147 487 1141 495 1146 495 1147 496 1147 497 1147 498 1147 508 1146 556 1140 767 1140 769 1130 765 1095 727 1095 726 1095 720 1088 718 1088 717 1088 716 1088 668 1095 654 1096 649 1095 633 1088 632 1088 630 1088 629 1088 611 1095 604 1097 573 1095 520 1091 518 1091 471 1096 413 1101 219 1097 221 1144"/></Shape>
	    <String CONTENT="Ie croy que cest sainct Auertin,"
                    HPOS="219"
                    VPOS="1088"
                    WIDTH="550"
                    HEIGHT="64"></String>
          </TextLine>

          
          
          <TextLine ID="eSc_line_98247c48"
                    
                    BASELINE="222 1186 843 1179" 
                    HPOS="221"
                    VPOS="1137"
                    WIDTH="622"
                    HEIGHT="61">
            <Shape><Polygon POINTS="836 1137 628 1144 618 1142 596 1137 595 1137 569 1144 560 1145 556 1144 545 1137 544 1137 542 1137 541 1137 540 1137 531 1144 527 1146 507 1145 459 1140 458 1140 457 1140 432 1146 425 1147 420 1146 397 1140 395 1140 394 1140 393 1140 378 1147 363 1140 361 1140 360 1140 359 1140 344 1146 287 1141 286 1141 285 1141 283 1141 283 1142 278 1147 272 1142 272 1141 271 1141 258 1142 246 1142 233 1144 231 1144 221 1149 222 1186 222 1190 270 1198 271 1198 340 1190 356 1189 368 1190 414 1198 415 1198 417 1198 418 1198 428 1190 431 1189 439 1190 472 1194 473 1194 474 1194 487 1190 492 1188 493 1190 501 1195 501 1196 502 1196 503 1196 505 1196 554 1189 567 1188 575 1189 595 1195 596 1195 598 1195 599 1195 610 1189 616 1186 840 1188 843 1179 839 1142 836 1137"/></Shape>
	    <String CONTENT="Faictes chanter pour uous la messe"
                    HPOS="221"
                    VPOS="1137"
                    WIDTH="622"
                    HEIGHT="61"></String>
          </TextLine>

          
          
          <TextLine ID="eSc_line_350d19c4"
                    
                    BASELINE="222 1233 790 1225" 
                    HPOS="221"
                    VPOS="1180"
                    WIDTH="569"
                    HEIGHT="65">
            <Shape><Polygon POINTS="751 1180 750 1180 748 1180 742 1186 737 1190 715 1190 708 1186 698 1181 689 1181 679 1186 669 1191 542 1191 536 1186 534 1184 532 1184 531 1184 530 1184 510 1186 466 1193 449 1186 442 1184 441 1184 439 1184 438 1184 437 1184 437 1185 434 1186 427 1193 403 1188 402 1188 400 1188 384 1195 363 1195 355 1186 354 1186 354 1185 353 1185 351 1185 346 1185 334 1185 321 1186 309 1186 295 1194 221 1188 222 1233 222 1245 266 1238 301 1244 315 1245 316 1245 317 1245 322 1243 335 1236 378 1242 407 1244 408 1244 409 1244 417 1240 425 1235 438 1239 448 1243 449 1243 451 1243 452 1243 466 1239 477 1235 486 1238 500 1243 501 1243 502 1243 503 1243 505 1243 513 1238 517 1235 537 1236 599 1242 600 1242 601 1242 615 1234 619 1233 625 1234 654 1240 655 1240 704 1234 771 1239 772 1239 774 1239 790 1229 790 1225 787 1186 752 1180 751 1180"/></Shape>
	    <String CONTENT="Du sainct esperit; ma maistresse"
                    HPOS="221"
                    VPOS="1180"
                    WIDTH="569"
                    HEIGHT="65"></String>
          </TextLine>

          
          
          <TextLine ID="eSc_line_fc6c924b"
                    
                    BASELINE="223 1278 740 1273" 
                    HPOS="222"
                    VPOS="1229"
                    WIDTH="518"
                    HEIGHT="61">
            <Shape><Polygon POINTS="480 1230 478 1230 477 1230 458 1236 454 1238 449 1236 423 1231 422 1231 420 1231 404 1238 399 1239 388 1238 351 1234 350 1234 317 1239 307 1240 296 1239 231 1233 229 1233 228 1233 227 1233 222 1236 223 1278 224 1290 252 1284 394 1287 472 1288 473 1288 474 1288 482 1284 490 1282 529 1283 609 1288 610 1288 611 1288 613 1288 624 1282 625 1280 637 1280 708 1287 709 1287 711 1287 740 1278 740 1273 736 1233 640 1236 630 1234 613 1229 611 1229 610 1229 609 1229 595 1234 586 1239 512 1239 503 1236 481 1230 480 1230"/></Shape>
	    <String CONTENT="Faictes aussi une neufuaine,"
                    HPOS="222"
                    VPOS="1229"
                    WIDTH="518"
                    HEIGHT="61"></String>
          </TextLine>

          
          
          <TextLine ID="eSc_line_5de867cd"
                    
                    BASELINE="222 1327 687 1321" 
                    HPOS="222"
                    VPOS="1275"
                    WIDTH="465"
                    HEIGHT="71">
            <Shape><Polygon POINTS="573 1275 571 1275 570 1275 569 1275 569 1277 557 1287 507 1279 506 1279 505 1279 503 1279 493 1288 492 1289 491 1288 464 1277 463 1277 462 1277 461 1277 441 1287 384 1278 383 1278 382 1278 360 1287 314 1278 312 1278 242 1292 233 1326 222 1326 222 1327 222 1339 257 1344 258 1344 260 1344 272 1339 276 1338 278 1339 295 1346 296 1346 297 1346 299 1346 311 1338 316 1337 353 1337 354 1338 360 1343 360 1344 361 1344 363 1344 364 1346 394 1346 394 1344 448 1337 459 1336 467 1337 498 1343 500 1343 687 1333 687 1321 686 1285 672 1279 671 1279 669 1279 635 1285 624 1277 623 1277 622 1277 620 1277 619 1277 618 1277 606 1287 605 1287 574 1275 573 1275"/></Shape>
	    <String CONTENT="Et si ieusnez la triollaine,"
                    HPOS="222"
                    VPOS="1275"
                    WIDTH="465"
                    HEIGHT="71"></String>
          </TextLine>

          
        </TextBlock>
        
      </PrintSpace>
    </Page>
  </Layout>
</alto>
