1141 1507
154 110 571 69 Et les uendredis blancz de l an,

154 158 540 66 Il fault aller a sainct Aignen

152 207 588 66 Pour uostre tigne, ⁊ a sainct cler

150 256 605 61 Pour uous faire reuoir plus cler,

152 298 625 68 Pour biẽ uous cõduire en la uoye;

152 345 576 63 Faictes chãter de saincte Auoye,

148 395 577 58 Et paour d auoir le coeur amer,

153 440 592 58 Faictes chanter de sainct Omer,

149 487 630 64 Pour uoz dentz a saincte Apolline

147 531 564 69 Elle uous sera moult benigne,

149 580 627 70 Ie uous prometz que uous aurez

145 627 381 59 Sante, ⁊ guarie serez

149 673 576 69 Par le moyen de leurs miracles.

339 724 211 53 Le docteur.

144 761 625 69 Delaissez la tous leurs musacles,

143 812 570 63 Car pour auoir parfaict secours

144 858 479 60 Chrestiente, uaten ⁊ cours

145 905 524 70 A Iesus christ uray medecin.

147 950 546 69 Dequoy te sert sainct Auertin,

147 998 624 69 Sainct Dominique, ⁊ S. frãcoys?

145 1044 625 73 Dõcques des saĩctz ne feras choys,

145 1093 507 62 Pour te sauuer, ou te guarir

147 1136 674 74 Trop bien leurs uertus doibs suyuir

145 1184 720 73 Uiuantz comme eulx, s ilz ont bien faict;

144 1230 534 71 Croy que Iesus a tout refaict;

145 1280 583 81 Et que les sainctz n y ont pouoir,
