1141 1506
215 95 561 63 Dieu est assez fort de pouruoir,

214 144 580 60 Ses seruiteurs, sans auoir ayde.

405 190 221 58 Chrestiente.

215 233 496 63 Ha la teste, a l ayde, a l ayde,

217 284 553 58 Les espaules, les bras, ⁊ reins,

215 330 622 62 Les piedz, les iambes, ⁊ les mains,

215 376 554 61 Helas ie ne scay plus que faire,

215 425 544 56 Na qui aller ; pour me reffaire

219 470 549 62 Ie uueil auoir des medecines.

402 517 211 62 Hypocrisie.

213 569 557 49 Prenez de plantain les racines;

213 611 494 60 Prenez aussi de la fougiere,

214 657 726 64 Ung tout seul grain, il n en fault guaire;

214 704 520 59 Du poulliot, de la ueruaine,

213 751 546 58 Et mettez tout dessus la ueine

214 799 624 60 Du bras gauche en forme de croix,

213 845 607 61 Ne passez point le nombre a troys,

212 891 554 59 Et la laissez la par neuf iours;

212 937 608 61 En la cueillant faictes sept tours,

213 985 551 61 Dictes cinq foys Pater noster,

210 1031 465 59 Agyos, Otheos, Sother,

218 1074 492 66 Il n y fault fil du sabmedy

209 1123 480 62 Apres disner fille, nourdy,

210 1169 535 64 Et pour mettre la chose a fin,

222 1216 447 66 Il fanlt dire Berithifin,

212 1266 472 75 Uous aurez en cela fiance.
