1141 1507
325 105 249 57 Bon oeuure.

131 153 552 59 Ayez en dieu uostre esperance;

130 200 559 54 Car il est seul qui peult guarir,

133 246 480 56 Son ua le medecin querir,

130 293 592 61 Baillant quelque petite drogue,

129 340 550 54 Cela a dieu point ne desrogue;

130 389 551 59 Presuppose que lon commette,

130 434 514 53 Le tout a luy; non a cõmette,

129 479 509 55 Ny a planette, ou influence,

130 527 481 55 Ny a quelque folle creance.

133 573 588 59 On peult bien medecine prendre,

133 619 565 61 Sans d elle son salut attendre;

136 665 458 59 Il fault de medecine user

130 713 493 59 Comme non usant, ⁊ uiser

131 759 521 63 Que dieu regit, ⁊ tient la uie

129 804 325 62 Entre ses mains.

321 851 221 63 Chrestiente.

135 902 294 56 Iay prins enuie

130 946 623 62 Puis que les sainctz ne me fõt rien,

128 997 401 49 Auicenna, ne Galien,

130 1041 499 57 D aller parler a ung deuin;

133 1086 490 56 Qui me dira de lord uenin.

134 1131 455 60 Toute la uertu ⁊ nature.

321 1180 214 55 Le docteur.

128 1223 559 59 Cest contre la saincte escripture;

130 1273 483 66 Chrestiente, ou tes tu mise?

654 1338 43 38 C
