1141 1506
244 90 540 78 Dieu le deffend de par Moyse

241 143 490 69 Au liure du Deuteronome.

433 193 222 60 Chrestiente.

247 233 619 78 Ie iray au grand pardon a Rõme,

241 284 439 67 Pour auoir l absolution,

241 328 415 68 Et pour la satisfaction

242 376 497 74 Ie donneray de l or au pape.

429 426 213 59 Le docteur.

234 465 593 78 Uoyla comment peche te attrape;

234 515 551 71 Qui te mect hors de ton salut,

234 564 596 73 Pour ung ducat, pour ung salut

233 614 477 66 Tu croys auoir remission

233 656 498 69 Mais tu uas a damnation;

234 702 560 73 Plus fort que ceulx de tartarie.

419 752 223 58 Chrestiente.

235 793 599 74 Ie urle, ie brais, ie plains, ie crie,

233 844 594 70 Ie me affoiblis, ⁊ n en peux plus,

232 892 575 70 Mon corps est lasse, au surplus,

232 939 493 58 Ie ne puis pied ferme tenir,

229 982 506 68 Ne sus iambes me soustenir,

229 1029 495 71 Dont ie chez en ma passion.

421 1081 241 59 Inspiration.

228 1120 551 70 Iay de uous uoir compassion;

224 1172 555 70 Chrestiente, ma soeur, ma mye?

411 1219 221 56 Chrestiente.

225 1261 519 86 Quoy, a faire de larquemye,
