1140 1506
233 121 500 57 Car appetit iay de manger,

239 170 624 58 Ie ne puis plus mon pain gaigner;

234 217 663 59 Du pain pour dieu poͬ me resourdre.

429 262 203 54 Le uarlet.

234 306 499 60 Chrestiente est toute sourde,

234 356 607 63 Crions bien hault pour le potage.

429 405 201 55 L aueugle.

237 449 569 63 Du laict caille, ou du frõmage,

237 499 571 64 Ou ce qͥl uous semble bon estre.

421 555 205 57 Le uarlet.

236 601 629 69 Helas mon dieu, ie uouldroys estre

237 652 430 60 En paradis auec uous.

429 710 198 55 L aueugle.

239 752 593 65 Pour Iesus christ, secourez nous

239 803 623 67 Helas, nous mourrõs par famine.

429 859 223 58 Chrestiente.

241 906 602 65 Uoyez quil nous faict layde mine

241 961 435 54 Ce belistre retors uilain,

243 1007 561 55 Oy, ie luy donneray mon pain,

241 1050 551 58 Et mon argent, a ce caymand;

243 1093 618 62 Dehors, dehors uillain, meschant,

242 1143 551 58 Uous uenez cy pour truander,

243 1188 575 63 Et pour mon argent demander,

254 1233 464 58 Ie l ay uoue en aultre lieu,

241 1280 621 76 A saĩct Claude et a saĩct Matthieuz;
