1141 1507
167 125 607 63 Cest pour en faire une neufuaine,

169 172 587 64 Ou pour chanter ceste sepmaine,

167 218 462 60 Pour aller en pelerinage,

168 263 622 66 Ou pour en faire ung bel ymage,

167 317 536 50 Ou pour payer ma confrarie.

360 360 196 54 L aueugle.

165 400 534 65 Bouche ne scauroit assez dire,

165 450 576 63 La douleur ⁊ le grand martyre,

167 497 516 63 Que ie seuffre cy en presence;

165 543 436 54 Chrestiente tu es la pire,

168 588 573 61 Qui soit, tu uoys bien q̃ iexpire

167 639 524 59 De paourete ⁊ de souffrance;

168 685 359 57 Helas doulce amye,

168 732 317 57 Iesus dist il mye

165 782 435 58 Romps ton pain ⁊ mye,

164 825 473 60 A la paoure gent affamye

165 870 464 61 Cest son commandement.

167 916 411 58 Pour estre a Complie,

168 965 345 57 Tu nas accomplie

169 1009 386 60 La loy; Or te emplie

167 1056 466 62 A me donner ie te supplie,

168 1106 428 58 Du pain ou de l argent.

361 1152 206 52 Le uarlet.

169 1200 547 53 Me laissez uous ainsi mourir,

169 1243 562 56 Uoulez uous plustost subuenir

169 1294 552 66 A ces moynes fors ⁊ puissans,

708 1342 94 63 C iii
