1140 1507
237 140 180 55 Cest cela,

240 185 471 61 Ung denier cy ⁊ l autre la,

238 229 582 63 Urayement sainsi les departoye

241 276 581 64 Tost paoure comme toy seroye,

237 325 591 60 Uaten hors de deuant mon lieu.

431 376 199 68 L aueugle.

235 428 610 61 A dieu uous dis, ma dame a dieu;

238 478 591 58 Quand ie nauray de uostre pain

236 523 626 64 Ie nay point paour mourir de fain;

232 570 473 60 Chrestiente en bragueries,

233 615 587 63 En beaulx habitz, ⁊ pomperies,

233 661 583 66 Despend le sien a grand foison,

237 712 598 61 Fermant aux paoures sa maison,

231 756 536 59 Ce nest point la loy de Iesus;

230 802 576 64 Allons uarlet, allons, sus, sus.

428 858 434 72 Inspiration. Pausa.

232 912 514 58 Sire, ie reuiens pour scauoir

233 958 499 57 Sy on pourroit faire rauoir

228 1003 428 68 A Chrestiente guarison,

422 1063 225 62 Le medecin.

231 1110 497 60 Demande elle que la poison

233 1157 493 66 De son peche, luy soit ostee?

424 1205 240 59 Inspiration.

228 1249 517 58 Elle est si fort empoisonnee;

227 1298 564 69 Quelle n a plus d entendement.
