1141 1506
385 130 236 58 Le medecin.

194 174 530 61 La grace auoir premierement

193 223 568 58 Luy fault, ⁊ uouloir luy dõner,

190 269 554 56 Et bon coeur, de la demander.

189 316 600 59 Car l hõme ne peult nul bien faire,

188 360 514 61 Se l esperit ne luy faict faire;

185 409 525 57 Retiens ccla, ⁊ ten remembre.

382 454 243 63 Inspiration.

182 498 631 59 Elle se destruict membre a membre,

183 547 543 59 Cest pitie de la uoir destordre;

185 594 517 53 Si biẽ subit on ny met ordre,

193 642 542 59 Il mest aduis quelle mourra.

375 688 221 58 Le medecin.

182 732 394 54 Non fera, elle uiuera

179 779 562 54 En ce siecle et en l autre monder;

179 827 600 59 Et combien quelle soit immunde.

178 874 565 62 Par peche en plusieurs suppos,

176 921 477 57 Elle aura une foys repos;

176 965 606 56 Et si nest sans grace, ⁊ sens; ains

178 1012 620 59 Tousiours elle a des mẽbres sains;

175 1061 534 62 Pose que soit en petit nombre,

174 1106 621 59 Et quon ne les cõgnoit pour lõbre,

173 1154 546 58 Et la merueilleuse abondance,

176 1204 567 54 Des membres mis en doleance.

171 1251 604 59 Car pour ung membre sain; ie dis

173 1295 556 71 Quelle en ha des malades dix,
