1140 1507
219 115 564 67 Et pour dix membres en sante;

219 163 427 61 Elle en a cent en uerite,

221 209 622 63 Qui sont en merueilleux martyre.

412 258 237 62 Inspiration.

219 308 438 57 Ha mectez y remede sire;

222 352 512 59 Ie scay bien quen chrestiente,

217 398 557 61 Sil est ung homme en charite,

217 445 529 61 Enuers dieu bon ⁊ gracieux,

219 491 443 61 Quil en ya dix uitieux;

217 538 625 62 Et pour dix bõs au temps present,

216 582 572 63 Des mauuais on en uerra cent;

218 629 502 62 Mais guarissez la maladie.

412 679 220 56 Le medecin.

216 719 544 64 Affin que le uray ie uous dye,

222 771 537 60 Ie ne la ueulx point delaisser,

216 816 502 63 Que incontinent ie n estudie

214 862 421 58 A son accident abaisser;

216 909 593 65 Mais premier il conuient penser,

216 958 518 59 De luy donner aucun repos;

214 1002 552 66 Combien quil faille despencer,

213 1049 587 69 Affin quelle entre en bon propos;

214 1100 606 66 Pour faire donc ses sens compos,

214 1145 501 65 A congnoistre son mal actif;

216 1191 528 61 Baillez luy en pintes ou pos,

214 1240 493 63 Ce doulx iullep preparatif,

217 1287 435 76 Il est fort et penetratif.
