1141 1506
176 115 462 60 Et par sa uertu elegante,

174 160 441 64 Esmouuera en cas hatif

178 210 486 61 Toute la matiere peccante.

372 256 236 60 Inspiration.

178 299 460 62 Iay une fiolle fringante,

173 346 556 63 Pour mettre ceste liqueur belle;

170 391 549 62 Ie luy porteray ie men uante,

171 437 624 73 Mais cõment est ce, quon l appelle?

365 488 219 61 Le medecin.

169 533 398 61 Apoticaire n en a telle;

169 579 546 61 Car elle est en foy permanente,

166 627 539 61 Et tous les pechez elle expelle

169 673 461 64 Cest ma grace iustifiante.

370 720 231 60 Inspiration.

168 763 531 64 Grace? ca donc que ie la sente;

169 811 619 64 Grace, dea cest ung mot tres beau.

361 862 220 60 Le medecin.

165 906 492 61 Par elle tout peche s absente

166 955 580 62 Cest pour conforter son ceruean.

369 1002 233 58 Inspiration.

166 1041 607 69 Mais selle est mise en son resueau,

165 1094 476 59 Et lunaison aduertineuse;

168 1140 617 62 El n en prẽdra, non plꝰ qung ueau,

165 1187 550 61 Dont ie ne seray point ioyeuse.

358 1234 224 56 Le medecin.

169 1277 476 79 Ne soyez de cela doubteuse,
