1141 1506
353 130 203 64 L aueugle.

166 173 253 65 Mon uarlet?

353 223 200 64 Le uarlet.

160 258 118 67 Hau?

353 317 201 56 L aueugle.

161 356 627 76 Tu nes qung fol, par S. Micheau

161 406 474 68 Mal endoctrine et appris;

160 450 347 67 Tu ne uaulx rien.

350 503 198 60 Le uarlet.

156 543 269 68 Cest petit pris;

159 593 623 73 Pour quoy maistre, ne uaulx ie riẽ?

348 645 200 57 L aueugle.

158 685 580 67 Tu me dis hau? entendz tu bien,

159 734 599 62 Quand ie te appelle mon uarlet;

158 778 706 76 Ditz moy mõ maistre, que uous plaist?

159 827 643 71 Faisant honneur dieu le commande.

352 877 200 61 Le uarlet.

155 921 609 69 Mais beau sire, ie uous demande;

156 966 486 66 Dequoy uous seruira cela,

155 1012 493 67 Uous ne uoyez ne ca ne la,

154 1057 628 69 Que scauez uous, si mon chappeau

153 1105 595 69 Est en ma main, ou au couppeau

153 1149 603 73 De ma teste, quand a uous parle;

154 1198 626 69 Ie suis couuert, de paour du harle,

155 1244 621 73 Vous fault il faire, tant d hõneur.

343 1298 196 72 L aueugle.
