1140 1507
218 143 679 54 Non point pour moy; mais le seigneur

217 182 588 60 La dict, cest son commandement

217 228 638 62 Quil fault garder songneusement;

217 276 473 61 Honnora personam senis,

216 320 606 65 Entendz tu bien, mon trescher filz

216 369 401 56 Et coram cano capite,

216 416 440 53 Consurge, par humilite.

218 464 664 54 Rotte bien donc ces beaux prouerbes.

409 508 201 58 Le uarlet.

217 555 666 61 Uous auez tousiours tant de uerues;

216 605 548 53 Comment osez uous caquetter

218 646 532 61 De Salomon; allons quester

214 694 532 54 Et uous taisez de l escripture,

217 742 594 54 Uous en aurez malle aduenture,

218 793 580 59 D en tant parler quelque matin.

409 836 199 51 L aueugle.

214 875 484 68 Celuy est bien chien matin,

218 923 581 65 Qui ne scait point la saincte loy,

214 973 581 64 Et les commandementz du roy,

217 1019 527 59 Le uieil ⁊ nouueau testamẽt;

216 1064 594 64 Auquel on congnoistra comment

218 1111 619 65 Nous sõmes faictz enfãs de Christ.

413 1161 194 57 Le uarlet.

218 1206 601 61 Uous nauez point le sainct esprit,

218 1253 624 61 Pour la glosser comme hõme sage;

219 1299 530 72 Entendons d aller en uoyage
