1141 1506
159 120 604 90 A Uandosmes pour uostre ueue.

351 176 196 58 L aueugle.

158 212 517 79 L escripture doibt estre ueue,

155 263 683 88 Par tous ceulx qui la ueullent croyre;

156 307 539 82 Tu ne me feras point accroire

153 355 635 79 Que la saincte larme a Uandosme,

151 402 592 82 Puisse rendre la ueue a l homme.

155 453 648 82 I aymeroys mieulx mourir aueugle,

148 501 577 76 Ou labourer ainsi qung beugle,

145 545 600 79 Que estre guary de telles larmes.

335 602 195 55 Le uarlet.

140 632 557 80 Si les iacopins, ou les carmes,

139 683 602 78 Les cordeliers, ou les bons homs,

136 731 571 77 Uous auoient en leurs prisons,

135 778 531 74 Uous desdiriez ceste sentence,

135 829 577 69 Ou uous seriez mis en sentence,

133 875 431 67 Par excommunication,

133 916 473 71 Ou brusle sans remission;

128 963 544 77 Car cest alencontre des droictz.

322 1019 196 61 L aueugle.

138 1054 564 83 Iay ouy lire en maintz endroictz

125 1104 549 75 De l euangile, ⁊ en uray texte,

124 1149 578 80 Que Iesus Christ dit ⁊ proteste;

123 1197 620 80 Que ceulx qui croiront a ses dictz,

121 1242 566 77 Iecteront les diables mauldictz

121 1291 555 86 Dehors des corps, ⁊ guariront
