1141 1507
217 115 492 57 Tous les malades, ⁊ iront

214 155 604 73 Les boyteux droictz, ladres sanez,

213 203 447 68 Les aueugles illuminez,

214 254 521 61 Mais ie nay point ouy parler

216 296 566 64 Quon soit guary pour s en aller

214 342 588 71 A saincte l arme en uandosmoys;

221 390 548 69 Il est bien uray que si tu croys

217 439 574 68 En Iesus christ de bon courage;

218 486 552 66 Qu il fera en toy tel ouurage,

218 527 547 74 Que tu feras passer les montz

221 578 521 66 Par la uertu de ses sermons.

222 622 617 74 Ie nay que faire des papistiques,

222 665 704 72 Qui ont presche pour leurs practiques,

221 712 720 74 Que ung lieu est plus saĩct q̃ nest l autre;

222 764 682 74 Ou que ung ymage faict de peaultre,

218 817 420 60 A le pouoir de miracler;

221 857 496 68 En l euangile est mis a cler;

221 904 592 68 Qui uous dira que Christ est la,

223 951 458 64 Ne croyez nullement cela;

226 997 458 67 Il dit a la Samaritaine,

224 1043 601 68 Qui ne luy fault en la mõtaigne,

226 1093 427 62 N en Hierusalem adorer

226 1140 546 64 Tant seullement; aincois orer

227 1181 577 69 Et prier ung seul dieu par tout.

229 1228 545 69 Si a mes dictz tu donne escout

228 1273 552 85 Dieu est esprit qui quiert auoir
