1141 1507
145 115 527 69 Adorateurs faisans debuoir,

144 164 613 74 En leurs espritz, non en uoyages

145 213 562 68 N en painctures, n y en ymages;.

141 257 602 67 Et puis le croyant ne ueult signe

141 305 630 71 Tant soit il grand, noble ⁊ insigne;

140 352 549 66 Mais il se tient du tout a dieu,

138 398 633 74 Lequel par foy trouue en tout lieu.

135 444 508 65 Sil a quelque mal pestifere,

135 492 523 66 Le tout au seigneur il refere,

134 537 568 72 Sil a quelque fortune aduerse,

131 583 512 70 Il na garde quelle l enuerse;

128 634 453 61 Car pour ceste tentation,

133 676 490 63 Il croit que cest probation;

126 725 556 67 Et que Iesus Christ le chastie,

125 769 528 71 Affin quil soit de sa mesgnye;

124 821 504 60 Comme le feu esprouue lor,

123 862 551 73 Aussi faict dieu le bon uouloir.

124 910 456 65 Du croyant en aduersite.

316 959 194 55 Le uarlet.

120 1000 510 66 Maistre uous dittes uerite;

119 1051 624 71 Mais parlez bas quon ne uoꝰ oye,

120 1098 515 68 Son le scauoit oyson, n y oye,

116 1145 469 66 Ne fut iamais si bien rosty

119 1190 325 63 Que uous seriez.

307 1239 200 64 L aueugle.

115 1278 221 78 Sot abesty,

691 1337 36 61 D
