1141 1507
265 105 658 65 Ie ne crains point ceulx qui sur lame

258 154 610 60 Nont nul pouoir; mais ie reclame

257 199 626 68 Celuy qui peult ame ⁊ corps mettre

260 242 286 56 Dedans enfer.

453 290 197 56 Le uarlet.

260 331 369 64 Helas mon maistre,

260 383 584 66 Son scauoit que uous fussiez tel

262 432 545 59 On ne nous donneroit morcel

258 479 580 59 De pain ;or laissons ces propos,

256 522 523 65 L eglise a ses clercz ⁊ suppotz,

257 568 606 68 Qui ont prins la charge de nous.

452 620 197 56 L aueugle.

253 660 586 67 Cest baille les brebis aux loups;

253 709 631 62 Ces suppotz sõt tousioͬs soubz pos,

253 758 563 63 Sans payer n y rente n ympostz

253 803 557 66 Au roy; ie n en suis pas content.

449 850 200 56 Le uarlet.

256 892 607 67 Maistre, laissons ce long contend

253 941 596 64 A disputer aux grandz docteurs,

255 989 625 63 Qui sõt de nous les gouuerneurs,

253 1034 630 71 Et les recteurs portans la charge.

448 1083 200 54 L aueugle.

256 1126 621 72 Ilz prendrõt bien nostre descharge;

253 1176 494 62 Cestascauoir d auoyne ⁊ ble,

255 1221 473 59 Et si quelcun a rien emble,

256 1272 543 67 Il sera quitte en leur baillant;
