<?xml version="1.0" encoding="UTF-8"?>
<alto xmlns:xsi="http://www.w3.org/2001/XMLSchema-instance"
      xmlns="http://www.loc.gov/standards/alto/ns-v4#"
      xsi:schemaLocation="http://www.loc.gov/standards/alto/ns-v4# http://www.loc.gov/standards/alto/v4/alto-4-2.xsd">
  <Description>
    <MeasurementUnit>pixel</MeasurementUnit>
    <sourceImageInformation>
      <fileName>63_d07df_default.jpg</fileName>
      <fileIdentifier>https://www.e-rara.ch/zuz/i3f/v20/165366/full/full/0/default.jpg</fileIdentifier>
    </sourceImageInformation>
  </Description>
  
  <Tags>
    <OtherTag ID="BT702" LABEL="MainZone" DESCRIPTION="block type MainZone"/><OtherTag ID="BT703" LABEL="RunningTitleZone" DESCRIPTION="block type RunningTitleZone"/><OtherTag ID="BT704" LABEL="NumberingZone" DESCRIPTION="block type NumberingZone"/><OtherTag ID="BT705" LABEL="QuireMarksZone" DESCRIPTION="block type QuireMarksZone"/><OtherTag ID="BT706" LABEL="TitlePageZone" DESCRIPTION="block type TitlePageZone"/><OtherTag ID="BT707" LABEL="StampZone" DESCRIPTION="block type StampZone"/><OtherTag ID="BT709" LABEL="MarginTextZone" DESCRIPTION="block type MarginTextZone"/>
    <OtherTag ID="LT236" LABEL="DefaultLine" DESCRIPTION="line type DefaultLine"/><OtherTag ID="LT237" LABEL="HeadingLine" DESCRIPTION="line type HeadingLine"/>
  </Tags>
  
  <Layout>
    <Page WIDTH="1141"
          HEIGHT="1507"
          PHYSICAL_IMG_NR="63"
          ID="eSc_dummypage_">
      <PrintSpace HPOS="0"
                  VPOS="0"
                  WIDTH="1141"
                  HEIGHT="1507">
        

        
        <TextBlock ID="eSc_dummyblock_">
          
          
          <TextLine ID="eSc_line_f2a38132"
                    
                    BASELINE="400 183 619 183" 
                    HPOS="400"
                    VPOS="136"
                    WIDTH="219"
                    HEIGHT="56">
            <Shape><Polygon POINTS="614 151 609 149 598 149 591 144 589 144 576 143 564 143 551 141 539 141 537 140 487 148 473 138 463 138 451 136 438 136 423 136 422 136 420 136 404 145 400 150 400 183 400 189 618 192 619 183 619 155 614 151"/></Shape>
	    <String CONTENT="Le docteur."
                    HPOS="400"
                    VPOS="136"
                    WIDTH="219"
                    HEIGHT="56"></String>
          </TextLine>

          
          
          <TextLine ID="eSc_line_a740d15d"
                    
                    BASELINE="212 224 869 233" 
                    HPOS="211"
                    VPOS="183"
                    WIDTH="658"
                    HEIGHT="68">
            <Shape><Polygon POINTS="865 199 853 199 840 198 828 198 815 197 802 197 790 195 777 195 765 194 752 194 740 193 727 193 715 192 702 192 689 190 677 190 671 189 216 183 212 188 212 224 211 233 257 241 258 241 260 241 272 236 278 233 283 236 294 239 295 239 296 239 375 238 476 236 485 241 491 246 492 246 493 246 495 247 570 247 570 246 571 246 573 246 576 243 588 237 639 237 653 244 658 247 659 247 660 247 684 246 746 241 762 247 765 248 766 248 767 248 769 248 771 248 790 241 797 248 799 248 799 249 800 249 801 249 802 251 868 251 869 233 869 199 865 199"/></Shape>
	    <String CONTENT="Se aduenturiers, ⁊ francz taulpins,"
                    HPOS="211"
                    VPOS="183"
                    WIDTH="658"
                    HEIGHT="68"></String>
          </TextLine>

          
          
          <TextLine ID="eSc_line_7ad64f85"
                    
                    BASELINE="212 270 811 278" 
                    HPOS="211"
                    VPOS="227"
                    WIDTH="600"
                    HEIGHT="65">
            <Shape><Polygon POINTS="212 270 211 276 263 285 265 285 324 280 329 280 333 280 364 286 365 286 366 286 379 281 382 280 383 281 389 286 390 286 392 286 393 286 436 282 461 281 502 285 560 290 561 290 581 287 601 283 611 287 618 290 619 290 620 290 622 290 627 288 639 283 809 292 811 278 810 241 679 233 678 233 677 233 676 233 668 238 663 241 594 241 591 237 586 233 586 232 585 232 584 232 583 232 581 232 570 237 564 239 496 239 488 236 469 229 468 229 467 229 344 234 299 236 291 233 272 227 271 227 270 227 212 232 212 270"/></Shape>
	    <String CONTENT="Pipeurs, uolleurs, happelopins,"
                    HPOS="211"
                    VPOS="227"
                    WIDTH="600"
                    HEIGHT="65"></String>
          </TextLine>

          
          
          <TextLine ID="eSc_line_7d7ab3e9"
                    
                    BASELINE="212 320 764 322" 
                    HPOS="211"
                    VPOS="276"
                    WIDTH="553"
                    HEIGHT="60">
            <Shape><Polygon POINTS="212 320 211 332 212 334 213 334 213 335 214 335 216 335 217 335 256 327 257 327 335 327 338 329 346 335 348 335 349 335 350 336 390 336 390 335 392 335 393 335 393 334 398 329 400 327 405 329 425 335 427 335 428 335 429 335 446 330 452 327 459 330 472 335 473 335 474 335 495 330 502 329 505 331 510 335 510 336 511 336 512 336 513 336 515 336 532 331 541 329 549 331 561 336 562 336 564 336 762 334 764 322 762 286 625 277 624 277 623 277 622 277 622 278 614 286 611 287 600 286 562 280 561 280 560 280 559 280 552 286 550 288 493 288 483 286 449 278 448 278 447 278 422 285 410 276 409 276 408 276 368 276 366 276 365 276 345 285 312 276 311 276 310 276 261 283 233 276 232 276 231 276 229 276 212 285 212 320"/></Shape>
	    <String CONTENT="De sang font grande effusion,"
                    HPOS="211"
                    VPOS="276"
                    WIDTH="553"
                    HEIGHT="60"></String>
          </TextLine>

          
          
          <TextLine ID="eSc_line_1aaa1da6"
                    
                    BASELINE="211 365 757 367" 
                    HPOS="209"
                    VPOS="324"
                    WIDTH="548"
                    HEIGHT="57">
            <Shape><Polygon POINTS="211 365 209 370 276 380 277 380 278 380 304 372 360 380 361 380 363 380 364 380 375 374 549 374 565 381 566 381 567 381 669 375 715 381 716 381 756 372 757 367 755 330 588 334 580 330 573 325 571 325 570 325 569 325 567 325 566 325 560 330 554 335 491 335 485 331 469 324 468 324 467 324 466 324 439 331 432 332 425 331 393 324 392 324 390 324 366 331 363 332 361 331 350 324 349 324 348 324 346 324 345 324 333 330 320 324 319 324 232 324 231 324 229 324 211 331 211 365"/></Shape>
	    <String CONTENT="Et si n en sont de nulz reprins,"
                    HPOS="209"
                    VPOS="324"
                    WIDTH="548"
                    HEIGHT="57"></String>
          </TextLine>

          
          
          <TextLine ID="eSc_line_6846f80d"
                    
                    BASELINE="212 411 815 420" 
                    HPOS="211"
                    VPOS="370"
                    WIDTH="604"
                    HEIGHT="62">
            <Shape><Polygon POINTS="813 384 721 376 720 376 653 383 643 383 640 383 622 375 620 375 619 375 579 381 575 381 574 381 556 374 555 374 554 374 552 374 551 374 542 380 500 374 498 374 497 374 496 374 490 380 488 380 404 380 403 379 384 371 383 371 382 371 353 378 351 378 265 378 263 376 251 370 250 370 248 370 212 375 212 411 211 420 433 420 436 423 439 425 439 426 441 426 442 426 443 426 444 426 458 423 469 420 501 423 556 429 557 429 605 424 622 423 627 424 640 430 642 430 643 430 644 430 660 424 663 424 672 425 728 432 730 432 814 425 815 420 814 385 813 384"/></Shape>
	    <String CONTENT="Les gensdarmes y sont comprins;"
                    HPOS="211"
                    VPOS="370"
                    WIDTH="604"
                    HEIGHT="62"></String>
          </TextLine>

          
          
          <TextLine ID="eSc_line_1481d72e"
                    
                    BASELINE="212 462 762 462" 
                    HPOS="212"
                    VPOS="416"
                    WIDTH="550"
                    HEIGHT="59">
            <Shape><Polygon POINTS="682 419 681 419 679 419 667 425 663 426 655 425 637 420 635 420 634 420 590 424 552 426 549 423 542 418 542 416 541 416 540 416 539 416 537 416 536 416 530 423 525 426 512 421 497 416 496 416 495 416 493 416 478 421 469 424 449 420 423 416 422 416 420 416 408 420 392 424 345 419 324 416 322 416 321 416 316 418 296 425 212 416 212 462 212 473 486 468 501 474 502 474 503 474 505 474 506 474 525 468 550 474 551 474 552 475 762 475 762 462 762 428 699 428 697 425 683 419 682 419"/></Shape>
	    <String CONTENT="Dont uient telle incorrection?"
                    HPOS="212"
                    VPOS="416"
                    WIDTH="550"
                    HEIGHT="59"></String>
          </TextLine>

          
          
          <TextLine ID="eSc_line_a32e452c"
                    
                    BASELINE="400 508 623 511" 
                    HPOS="399"
                    VPOS="463"
                    WIDTH="224"
                    HEIGHT="53">
            <Shape><Polygon POINTS="442 463 441 463 439 463 400 469 400 508 399 516 622 514 623 511 622 473 580 465 579 465 547 472 546 472 539 465 539 464 537 464 536 464 535 464 454 470 451 470 443 464 443 463 442 463"/></Shape>
	    <String CONTENT="Le medecin."
                    HPOS="399"
                    VPOS="463"
                    WIDTH="224"
                    HEIGHT="53"></String>
          </TextLine>

          
          
          <TextLine ID="eSc_line_6f67464b"
                    
                    BASELINE="211 553 709 560" 
                    HPOS="209"
                    VPOS="504"
                    WIDTH="500"
                    HEIGHT="73">
            <Shape><Polygon POINTS="550 511 537 511 525 511 524 511 491 514 474 516 468 513 457 509 449 509 442 509 438 513 436 517 412 517 395 512 368 506 330 506 329 506 327 506 326 506 320 511 316 513 307 511 291 504 290 504 289 504 287 504 270 509 260 512 253 509 245 504 243 504 242 504 241 504 231 508 222 512 212 508 211 553 209 570 271 571 272 571 273 571 289 562 302 571 304 571 305 571 306 571 307 571 330 562 349 572 350 572 351 572 353 573 382 573 382 572 383 572 405 562 428 562 438 572 438 573 439 573 441 573 442 573 443 573 444 573 457 563 478 571 480 571 481 571 482 571 483 571 483 570 490 565 497 572 497 573 498 573 500 573 501 573 564 565 576 575 578 575 579 575 580 575 581 575 608 565 634 575 635 575 637 575 638 575 660 566 673 576 674 576 676 576 677 577 708 577 709 560 709 518 681 509 679 509 678 509 578 516 560 517 557 516 551 511 550 511"/></Shape>
	    <String CONTENT="C est par Peche, ⁊ sa poison."
                    HPOS="209"
                    VPOS="504"
                    WIDTH="500"
                    HEIGHT="73"></String>
          </TextLine>

          
          
          <TextLine ID="eSc_line_375296fb"
                    
                    BASELINE="400 600 611 602" 
                    HPOS="399"
                    VPOS="556"
                    WIDTH="212"
                    HEIGHT="54">
            <Shape><Polygon POINTS="471 557 469 557 468 557 467 557 462 558 446 566 437 558 437 557 436 557 434 557 425 557 413 557 400 556 400 600 399 610 610 610 611 602 610 568 540 560 539 560 516 562 486 566 476 560 472 557 471 557"/></Shape>
	    <String CONTENT="Le docteur."
                    HPOS="399"
                    VPOS="556"
                    WIDTH="212"
                    HEIGHT="54"></String>
          </TextLine>

          
          
          <TextLine ID="eSc_line_dc893ee2"
                    
                    BASELINE="209 646 785 650" 
                    HPOS="208"
                    VPOS="600"
                    WIDTH="577"
                    HEIGHT="64">
            <Shape><Polygon POINTS="443 601 436 601 423 601 410 601 400 601 399 601 398 601 384 607 379 610 370 607 346 600 345 600 344 600 295 606 277 609 270 606 252 600 251 600 250 600 209 605 209 646 208 653 255 661 256 661 257 661 275 655 281 653 392 653 417 653 422 658 427 661 427 663 428 663 429 663 431 664 495 664 495 663 496 663 497 663 501 659 507 654 531 660 546 663 547 663 549 663 559 660 581 654 615 661 629 664 630 664 632 664 640 661 660 656 782 664 785 650 782 612 767 612 766 611 755 602 753 602 752 602 751 602 684 609 679 605 679 604 678 604 677 604 676 604 674 604 673 604 663 610 659 614 596 614 594 610 593 607 591 607 591 606 590 606 589 606 588 606 521 609 466 611 459 609 444 601 443 601"/></Shape>
	    <String CONTENT="Sy auiourd huy on rompt la loy"
                    HPOS="208"
                    VPOS="600"
                    WIDTH="577"
                    HEIGHT="64"></String>
          </TextLine>

          
          
          <TextLine ID="eSc_line_8cfb3946"
                    
                    BASELINE="211 695 730 694" 
                    HPOS="209"
                    VPOS="651"
                    WIDTH="521"
                    HEIGHT="54">
            <Shape><Polygon POINTS="211 695 211 702 727 705 730 694 726 656 681 660 667 655 657 651 655 651 654 651 634 655 608 660 595 655 588 651 586 651 585 651 584 651 583 651 579 655 571 661 418 661 404 654 399 651 398 651 397 651 395 651 394 651 394 653 393 654 387 659 340 653 334 653 333 653 331 653 330 653 320 660 312 654 311 654 310 654 209 653 211 695"/></Shape>
	    <String CONTENT="Du pape; de mauuais alloy,"
                    HPOS="209"
                    VPOS="651"
                    WIDTH="521"
                    HEIGHT="54"></String>
          </TextLine>

          
          
          <TextLine ID="eSc_line_d667fe4e"
                    
                    BASELINE="212 738 764 740" 
                    HPOS="211"
                    VPOS="695"
                    WIDTH="553"
                    HEIGHT="59">
            <Shape><Polygon POINTS="434 695 433 695 432 695 419 703 388 696 387 696 355 703 325 695 324 695 322 695 321 695 320 695 311 704 301 704 266 704 265 704 256 696 256 695 255 695 253 695 250 695 237 695 228 695 227 695 226 695 212 702 212 738 211 749 741 754 742 754 743 754 762 747 764 740 761 703 596 705 594 703 588 698 588 696 586 696 585 696 524 696 522 696 521 696 520 696 511 703 507 705 490 703 436 695 434 695"/></Shape>
	    <String CONTENT="On est mis bien tost en prison,"
                    HPOS="211"
                    VPOS="695"
                    WIDTH="553"
                    HEIGHT="59"></String>
          </TextLine>

          
          
          <TextLine ID="eSc_line_3536b803"
                    
                    BASELINE="209 786 831 791" 
                    HPOS="208"
                    VPOS="742"
                    WIDTH="623"
                    HEIGHT="64">
            <Shape><Polygon POINTS="825 754 816 750 800 753 776 749 758 745 757 745 756 745 746 749 733 753 727 749 723 745 722 745 721 745 720 745 704 749 687 753 682 749 678 745 678 744 677 744 676 744 652 744 650 744 628 749 613 752 600 749 583 744 581 744 580 744 579 744 578 744 573 749 569 753 525 753 517 749 505 743 503 743 502 743 501 743 500 743 500 744 495 749 492 752 414 752 410 749 404 744 403 744 402 744 400 744 375 749 364 750 335 749 227 742 226 742 224 742 209 748 209 786 208 796 351 792 383 799 393 802 394 802 395 802 397 802 402 799 417 793 490 793 588 802 604 803 605 803 606 803 609 802 627 794 640 803 642 803 643 803 644 803 650 803 698 796 704 801 704 802 706 802 707 802 708 802 735 797 750 804 751 804 752 804 753 806 830 806 831 791 830 754 825 754"/></Shape>
	    <String CONTENT="Mais non pour transgresser la foy,"
                    HPOS="208"
                    VPOS="742"
                    WIDTH="623"
                    HEIGHT="64"></String>
          </TextLine>

          
          
          <TextLine ID="eSc_line_06548117"
                    
                    BASELINE="208 831 790 836" 
                    HPOS="207"
                    VPOS="788"
                    WIDTH="583"
                    HEIGHT="55">
            <Shape><Polygon POINTS="208 831 207 842 787 843 790 836 789 802 742 801 731 792 730 792 728 792 702 792 701 792 699 792 698 792 688 801 687 801 552 801 550 799 492 789 491 789 365 798 358 798 348 789 348 788 346 788 345 788 344 788 343 788 341 788 331 797 294 788 224 788 223 788 222 788 208 794 208 831"/></Shape>
	    <String CONTENT="Et loy de Christ, souuerain Roy;"
                    HPOS="207"
                    VPOS="788"
                    WIDTH="583"
                    HEIGHT="55"></String>
          </TextLine>

          
          
          <TextLine ID="eSc_line_4cdf3d7d"
                    
                    BASELINE="209 879 776 884" 
                    HPOS="208"
                    VPOS="833"
                    WIDTH="568"
                    HEIGHT="66">
            <Shape><Polygon POINTS="209 879 208 891 265 884 333 884 361 891 370 894 371 894 373 894 404 891 471 885 508 890 527 892 529 892 554 890 585 886 589 890 595 895 595 896 596 896 598 896 634 897 635 897 730 891 747 897 748 897 750 899 750 897 751 897 775 887 776 884 775 846 720 845 712 837 711 837 709 837 708 837 659 843 643 845 638 842 624 836 623 836 622 836 620 836 601 842 595 845 515 845 506 840 493 835 492 835 491 835 490 835 476 840 466 843 397 843 370 837 350 833 349 833 333 836 311 841 209 835 209 879"/></Shape>
	    <String CONTENT="Dont uient telle transgression?"
                    HPOS="208"
                    VPOS="833"
                    WIDTH="568"
                    HEIGHT="66"></String>
          </TextLine>

          
          
          <TextLine ID="eSc_line_97ff3046"
                    
                    BASELINE="402 929 634 929" 
                    HPOS="402"
                    VPOS="884"
                    WIDTH="232"
                    HEIGHT="55">
            <Shape><Polygon POINTS="402 929 402 939 634 934 634 929 634 895 600 895 589 886 588 886 586 886 585 886 584 886 566 894 550 884 549 884 547 884 546 884 459 891 419 884 418 884 417 884 415 884 402 892 402 929"/></Shape>
	    <String CONTENT="Le medecin."
                    HPOS="402"
                    VPOS="884"
                    WIDTH="232"
                    HEIGHT="55"></String>
          </TextLine>

          
          
          <TextLine ID="eSc_line_94989117"
                    
                    BASELINE="207 975 698 975" 
                    HPOS="207"
                    VPOS="928"
                    WIDTH="491"
                    HEIGHT="67">
            <Shape><Polygon POINTS="571 930 559 930 549 930 527 936 524 938 472 938 471 935 463 930 458 930 446 930 437 930 405 934 380 928 379 928 378 928 376 928 375 928 366 935 364 936 359 934 340 928 339 928 338 928 336 928 335 928 327 934 325 936 317 934 297 928 296 928 295 928 267 934 261 935 257 934 246 928 245 928 243 928 207 933 207 975 207 989 242 983 261 990 267 993 268 993 270 993 271 993 272 993 275 990 283 983 300 990 309 994 310 994 311 994 312 994 314 994 317 990 330 983 358 983 378 992 384 994 385 994 387 994 388 994 389 994 389 993 392 992 400 983 433 983 448 992 449 992 451 992 452 992 453 992 454 992 454 990 464 983 485 983 497 993 498 993 500 993 501 993 503 993 545 983 561 993 561 994 562 994 564 994 565 994 566 994 570 993 599 985 622 994 623 994 624 994 625 995 698 995 698 975 698 938 648 928 647 928 605 936 604 936 601 936 571 930 571 930"/></Shape>
	    <String CONTENT="Cest par Peche, ⁊ sa poison."
                    HPOS="207"
                    VPOS="928"
                    WIDTH="491"
                    HEIGHT="67"></String>
          </TextLine>

          
          
          <TextLine ID="eSc_line_9354b80d"
                    
                    BASELINE="400 1022 609 1019" 
                    HPOS="399"
                    VPOS="977"
                    WIDTH="210"
                    HEIGHT="51">
            <Shape><Polygon POINTS="476 977 474 977 473 977 472 977 453 984 415 977 414 977 413 977 412 977 399 984 400 1022 400 1028 608 1026 609 1019 606 987 542 985 534 978 532 978 531 978 530 978 488 985 477 977 476 977"/></Shape>
	    <String CONTENT="Le docteur."
                    HPOS="399"
                    VPOS="977"
                    WIDTH="210"
                    HEIGHT="51"></String>
          </TextLine>

          
          
          <TextLine ID="eSc_line_74d4c34f"
                    
                    BASELINE="208 1068 829 1066" 
                    HPOS="207"
                    VPOS="1019"
                    WIDTH="622"
                    HEIGHT="62">
            <Shape><Polygon POINTS="823 1032 810 1029 797 1031 792 1027 791 1026 785 1026 772 1023 760 1020 752 1019 728 1019 727 1019 726 1019 725 1019 715 1027 706 1032 622 1032 615 1026 611 1022 611 1020 610 1020 609 1020 600 1019 596 1020 584 1020 581 1020 576 1026 567 1031 555 1024 554 1024 552 1024 551 1024 545 1024 488 1032 474 1024 472 1023 471 1023 469 1023 468 1023 466 1024 453 1031 447 1024 447 1023 446 1023 444 1023 443 1023 442 1023 441 1023 424 1033 376 1033 354 1023 348 1020 346 1020 345 1020 344 1020 343 1020 340 1023 326 1032 302 1022 297 1020 296 1020 295 1020 207 1020 208 1068 208 1072 339 1072 340 1072 358 1081 359 1081 360 1081 361 1081 380 1072 382 1072 434 1081 436 1081 437 1081 467 1072 492 1081 493 1081 495 1081 496 1081 520 1071 521 1071 522 1071 535 1080 536 1080 537 1080 539 1080 634 1071 635 1071 637 1071 648 1080 649 1080 650 1080 652 1081 809 1081 809 1080 810 1080 829 1069 829 1066 825 1032 823 1032"/></Shape>
	    <String CONTENT="Si les bourgeoys ⁊ les marchãtz,"
                    HPOS="207"
                    VPOS="1019"
                    WIDTH="622"
                    HEIGHT="62"></String>
          </TextLine>

          
          
          <TextLine ID="eSc_line_73aa11bb"
                    
                    BASELINE="208 1112 830 1117" 
                    HPOS="207"
                    VPOS="1068"
                    WIDTH="623"
                    HEIGHT="62">
            <Shape><Polygon POINTS="468 1068 467 1068 466 1068 464 1068 464 1069 454 1077 413 1068 412 1068 343 1076 331 1068 321 1068 316 1068 260 1076 251 1068 246 1068 233 1068 221 1068 208 1074 208 1112 207 1121 481 1121 488 1125 492 1127 493 1127 495 1127 496 1127 524 1126 564 1122 570 1126 573 1128 574 1128 575 1128 576 1128 603 1127 659 1122 684 1128 694 1130 696 1130 720 1128 795 1123 828 1130 830 1117 829 1081 766 1071 765 1071 764 1071 740 1080 738 1081 676 1081 674 1080 655 1071 654 1071 653 1071 652 1071 627 1078 600 1069 599 1069 598 1069 555 1078 552 1078 550 1078 520 1068 518 1068 517 1068 516 1068 487 1077 469 1068 468 1068"/></Shape>
	    <String CONTENT="Qui sont les cuisses; sont marchãtz"
                    HPOS="207"
                    VPOS="1068"
                    WIDTH="623"
                    HEIGHT="62"></String>
          </TextLine>

          
          
          <TextLine ID="eSc_line_884b54de"
                    
                    BASELINE="208 1160 692 1160" 
                    HPOS="208"
                    VPOS="1120"
                    WIDTH="484"
                    HEIGHT="50">
            <Shape><Polygon POINTS="208 1160 208 1170 692 1169 692 1160 691 1120 208 1120 208 1160"/></Shape>
	    <String CONTENT="En fraude, ⁊ en deception,"
                    HPOS="208"
                    VPOS="1120"
                    WIDTH="484"
                    HEIGHT="50"></String>
          </TextLine>

          
          
          <TextLine ID="eSc_line_ee5c5442"
                    
                    BASELINE="207 1208 727 1205" 
                    HPOS="206"
                    VPOS="1161"
                    WIDTH="521"
                    HEIGHT="62">
            <Shape><Polygon POINTS="620 1161 616 1161 606 1170 459 1162 458 1162 410 1171 398 1161 397 1161 395 1161 394 1161 382 1161 369 1161 356 1161 349 1161 348 1161 294 1171 221 1161 219 1161 218 1161 217 1161 206 1169 207 1208 207 1215 265 1214 268 1215 281 1221 282 1221 283 1221 285 1221 286 1221 286 1220 292 1215 294 1214 351 1214 353 1215 359 1220 359 1221 360 1221 361 1221 363 1223 412 1223 412 1221 413 1221 428 1215 431 1214 434 1215 464 1221 466 1221 467 1221 483 1214 488 1213 562 1213 566 1214 576 1220 578 1220 579 1220 580 1221 706 1221 706 1220 707 1220 727 1213 727 1205 725 1171 677 1164 676 1164 674 1164 652 1170 625 1161 620 1161"/></Shape>
	    <String CONTENT="Et par usure surmarchantz,"
                    HPOS="206"
                    VPOS="1161"
                    WIDTH="521"
                    HEIGHT="62"></String>
          </TextLine>

          
          
          <TextLine ID="eSc_line_22fe700a"
                    
                    BASELINE="208 1250 818 1257" 
                    HPOS="207"
                    VPOS="1208"
                    WIDTH="611"
                    HEIGHT="65">
            <Shape><Polygon POINTS="813 1220 771 1220 771 1219 762 1211 761 1211 760 1211 758 1211 708 1219 702 1219 693 1219 630 1211 629 1211 596 1218 595 1218 594 1218 588 1211 588 1210 586 1210 585 1210 584 1210 516 1216 515 1216 506 1209 505 1209 503 1209 502 1209 457 1216 453 1216 451 1216 425 1208 424 1208 423 1208 378 1215 376 1215 374 1215 336 1208 334 1208 321 1208 316 1208 256 1214 255 1214 253 1214 229 1208 221 1208 218 1208 208 1213 208 1250 207 1258 236 1264 237 1264 238 1264 240 1264 246 1259 248 1258 251 1259 267 1267 268 1267 270 1267 271 1267 291 1260 304 1257 312 1260 324 1267 325 1267 326 1267 327 1267 340 1262 344 1260 358 1262 405 1268 407 1268 408 1268 409 1268 415 1263 419 1260 441 1264 468 1268 469 1268 471 1268 472 1268 476 1264 483 1259 530 1259 537 1265 540 1268 540 1269 541 1269 542 1269 544 1269 545 1269 555 1267 573 1260 609 1260 622 1268 623 1269 624 1269 625 1269 627 1269 628 1269 630 1268 645 1260 692 1260 706 1269 707 1272 708 1272 709 1272 711 1272 712 1272 716 1270 730 1263 746 1270 748 1272 750 1272 751 1273 816 1273 818 1257 818 1228 813 1220"/></Shape>
	    <String CONTENT="En destruisant les gẽs des chãps;"
                    HPOS="207"
                    VPOS="1208"
                    WIDTH="611"
                    HEIGHT="65"></String>
          </TextLine>

          
          
          <TextLine ID="eSc_line_4dc9e82d"
                    
                    BASELINE="209 1301 737 1301" 
                    HPOS="209"
                    VPOS="1255"
                    WIDTH="528"
                    HEIGHT="64">
            <Shape><Polygon POINTS="668 1255 667 1255 666 1255 664 1255 649 1263 647 1264 629 1263 570 1257 569 1257 567 1257 566 1257 561 1262 557 1264 551 1262 539 1255 537 1255 536 1255 535 1255 520 1260 508 1264 495 1260 477 1255 476 1255 474 1255 442 1259 400 1264 340 1258 320 1255 319 1255 317 1255 316 1255 315 1257 305 1265 282 1265 209 1255 209 1301 209 1316 304 1308 316 1316 317 1316 319 1316 320 1316 326 1316 379 1309 420 1314 439 1317 441 1317 442 1317 448 1314 461 1309 493 1314 513 1317 515 1317 516 1317 524 1314 536 1308 542 1314 547 1318 547 1319 549 1319 550 1319 551 1319 552 1319 566 1313 581 1308 625 1309 630 1313 639 1319 640 1319 642 1319 643 1319 737 1312 737 1301 737 1265 679 1265 678 1264 669 1257 669 1255 668 1255"/></Shape>
	    <String CONTENT="Dont uient telle d estruction?"
                    HPOS="209"
                    VPOS="1255"
                    WIDTH="528"
                    HEIGHT="64"></String>
          </TextLine>

          
          
          <TextLine ID="eSc_line_0908804b"
                    
                    BASELINE="398 1351 625 1348" 
                    HPOS="397"
                    VPOS="1303"
                    WIDTH="228"
                    HEIGHT="85">
            <Shape><Polygon POINTS="398 1351 398 1366 461 1366 467 1370 478 1381 480 1381 481 1381 482 1381 483 1381 508 1372 510 1372 511 1372 534 1387 535 1387 536 1387 537 1388 601 1388 601 1387 603 1387 625 1378 625 1348 623 1313 517 1303 516 1303 515 1303 477 1313 413 1304 412 1304 410 1304 409 1304 397 1312 398 1351"/></Shape>
	    <String CONTENT="Le medecin."
                    HPOS="397"
                    VPOS="1303"
                    WIDTH="228"
                    HEIGHT="85"></String>
          </TextLine>

          
        </TextBlock>
        
      </PrintSpace>
    </Page>
  </Layout>
</alto>
