<?xml version="1.0" encoding="UTF-8"?>
<alto xmlns:xsi="http://www.w3.org/2001/XMLSchema-instance"
      xmlns="http://www.loc.gov/standards/alto/ns-v4#"
      xsi:schemaLocation="http://www.loc.gov/standards/alto/ns-v4# http://www.loc.gov/standards/alto/v4/alto-4-2.xsd">
  <Description>
    <MeasurementUnit>pixel</MeasurementUnit>
    <sourceImageInformation>
      <fileName>65_ebe09_default.jpg</fileName>
      <fileIdentifier>https://www.e-rara.ch/zuz/i3f/v20/165368/full/full/0/default.jpg</fileIdentifier>
    </sourceImageInformation>
  </Description>
  
  <Tags>
    <OtherTag ID="BT702" LABEL="MainZone" DESCRIPTION="block type MainZone"/><OtherTag ID="BT703" LABEL="RunningTitleZone" DESCRIPTION="block type RunningTitleZone"/><OtherTag ID="BT704" LABEL="NumberingZone" DESCRIPTION="block type NumberingZone"/><OtherTag ID="BT705" LABEL="QuireMarksZone" DESCRIPTION="block type QuireMarksZone"/><OtherTag ID="BT706" LABEL="TitlePageZone" DESCRIPTION="block type TitlePageZone"/><OtherTag ID="BT707" LABEL="StampZone" DESCRIPTION="block type StampZone"/><OtherTag ID="BT709" LABEL="MarginTextZone" DESCRIPTION="block type MarginTextZone"/>
    <OtherTag ID="LT236" LABEL="DefaultLine" DESCRIPTION="line type DefaultLine"/><OtherTag ID="LT237" LABEL="HeadingLine" DESCRIPTION="line type HeadingLine"/>
  </Tags>
  
  <Layout>
    <Page WIDTH="1140"
          HEIGHT="1506"
          PHYSICAL_IMG_NR="65"
          ID="eSc_dummypage_">
      <PrintSpace HPOS="0"
                  VPOS="0"
                  WIDTH="1140"
                  HEIGHT="1506">
        

        
        <TextBlock ID="eSc_dummyblock_">
          
          
          <TextLine ID="eSc_line_b2553d81"
                    
                    BASELINE="409 190 632 185" 
                    HPOS="408"
                    VPOS="145"
                    WIDTH="224"
                    HEIGHT="55">
            <Shape><Polygon POINTS="625 151 598 151 596 149 583 149 571 148 563 148 556 150 552 148 546 148 533 148 521 148 513 146 508 151 502 146 500 146 499 146 498 146 497 146 468 154 428 145 420 145 418 145 408 155 409 190 409 200 539 193 556 193 616 197 617 197 618 197 632 189 632 185 630 156 625 151"/></Shape>
	    <String CONTENT="Le medecin."
                    HPOS="408"
                    VPOS="145"
                    WIDTH="224"
                    HEIGHT="55"></String>
          </TextLine>

          
          
          <TextLine ID="eSc_line_d7bda629"
                    
                    BASELINE="218 239 713 233" 
                    HPOS="217"
                    VPOS="184"
                    WIDTH="496"
                    HEIGHT="70">
            <Shape><Polygon POINTS="706 200 694 197 679 197 679 195 672 190 669 189 656 185 655 184 634 184 632 184 631 186 625 186 612 195 608 198 562 198 559 194 552 188 543 188 538 188 522 194 510 198 498 194 490 192 489 192 488 192 487 192 482 194 472 198 468 194 464 190 464 189 455 189 449 193 439 198 415 193 389 188 387 188 386 188 376 193 370 195 364 193 354 188 352 188 351 188 277 189 276 189 274 189 272 192 263 197 257 192 254 190 254 189 253 189 252 189 251 189 225 190 217 197 218 239 218 245 258 245 269 253 271 253 272 253 273 253 274 253 290 245 313 254 315 254 316 254 317 254 359 244 403 253 404 253 405 253 439 243 448 250 448 252 449 252 450 252 451 252 453 252 482 244 512 252 513 252 514 252 516 252 517 252 526 244 532 249 532 250 533 250 534 250 536 250 537 250 538 250 538 249 548 242 588 250 590 250 591 250 618 240 636 249 637 249 639 249 640 249 664 240 690 249 691 249 693 249 694 249 713 238 713 233 710 202 706 200"/></Shape>
	    <String CONTENT="C est par Peche, ⁊ sa poison."
                    HPOS="217"
                    VPOS="184"
                    WIDTH="496"
                    HEIGHT="70"></String>
          </TextLine>

          
          
          <TextLine ID="eSc_line_efe48639"
                    
                    BASELINE="408 283 620 279" 
                    HPOS="406"
                    VPOS="238"
                    WIDTH="214"
                    HEIGHT="55">
            <Shape><Polygon POINTS="408 283 408 293 494 286 618 289 620 279 617 248 539 239 538 239 495 247 474 238 473 238 472 238 470 238 469 238 469 239 459 248 424 238 423 238 421 238 420 238 419 238 406 248 408 283"/></Shape>
	    <String CONTENT="Le docteur."
                    HPOS="406"
                    VPOS="238"
                    WIDTH="214"
                    HEIGHT="55"></String>
          </TextLine>

          
          
          <TextLine ID="eSc_line_ecaf85c1"
                    
                    BASELINE="219 332 757 323" 
                    HPOS="218"
                    VPOS="276"
                    WIDTH="539"
                    HEIGHT="65">
            <Shape><Polygon POINTS="745 286 733 282 720 279 708 276 684 276 682 276 681 276 650 287 642 291 590 291 583 287 571 281 570 281 558 281 551 287 547 292 522 293 367 293 352 288 345 286 344 286 342 286 341 286 335 288 326 293 316 288 303 282 302 282 301 282 218 288 219 332 219 341 757 328 757 323 755 289 745 286"/></Shape>
	    <String CONTENT="Si pour annoncer L euangile"
                    HPOS="218"
                    VPOS="276"
                    WIDTH="539"
                    HEIGHT="65"></String>
          </TextLine>

          
          
          <TextLine ID="eSc_line_ef40a294"
                    
                    BASELINE="220 377 718 370" 
                    HPOS="219"
                    VPOS="326"
                    WIDTH="499"
                    HEIGHT="64">
            <Shape><Polygon POINTS="637 326 636 326 635 326 623 335 592 335 572 327 571 327 563 327 548 335 495 328 495 328 483 328 479 328 457 336 431 330 420 330 418 330 396 336 338 331 332 331 320 331 318 331 300 338 297 338 243 332 232 332 227 332 219 337 220 377 220 387 266 384 278 386 290 390 291 390 292 390 293 390 303 386 315 382 323 386 332 389 333 389 335 389 361 385 386 381 395 384 404 387 405 387 406 387 408 387 420 384 429 381 451 382 494 386 495 386 553 380 573 379 585 380 622 385 623 385 625 385 626 385 634 379 636 377 644 379 682 384 684 384 716 376 718 370 715 333 639 326 637 326"/></Shape>
	    <String CONTENT="On est roty dessus la grisle,"
                    HPOS="219"
                    VPOS="326"
                    WIDTH="499"
                    HEIGHT="64"></String>
          </TextLine>

          
          
          <TextLine ID="eSc_line_d44859fa"
                    
                    BASELINE="217 424 715 416" 
                    HPOS="215"
                    VPOS="373"
                    WIDTH="500"
                    HEIGHT="62">
            <Shape><Polygon POINTS="217 424 217 431 311 429 316 430 335 435 336 435 337 435 370 429 371 429 377 435 379 435 380 435 381 435 413 427 415 427 416 427 428 434 429 434 430 434 502 432 503 432 518 426 534 432 536 432 537 432 538 432 539 432 552 425 554 425 605 431 606 431 655 424 693 430 694 430 695 430 715 421 715 416 711 381 656 381 655 381 635 373 634 373 632 373 631 373 630 373 630 375 629 375 623 381 622 382 608 381 546 375 544 375 483 382 459 385 457 382 451 379 451 377 450 377 449 377 448 377 424 382 413 385 215 385 217 424"/></Shape>
	    <String CONTENT="Ueu qu en elle est saluation;"
                    HPOS="215"
                    VPOS="373"
                    WIDTH="500"
                    HEIGHT="62"></String>
          </TextLine>

          
          
          <TextLine ID="eSc_line_c71204ac"
                    
                    BASELINE="217 470 752 464" 
                    HPOS="215"
                    VPOS="421"
                    WIDTH="537"
                    HEIGHT="59">
            <Shape><Polygon POINTS="217 470 217 474 296 480 297 480 335 474 336 474 338 474 367 479 369 479 752 470 752 464 749 430 644 421 642 421 641 421 610 430 538 422 537 422 536 422 521 430 504 424 503 424 502 424 500 424 499 424 490 431 429 426 428 426 426 426 425 426 425 427 419 432 277 426 276 426 274 426 273 426 261 434 227 426 225 426 224 426 223 426 215 431 217 470"/></Shape>
	    <String CONTENT="Au uray croyant sans fiction;"
                    HPOS="215"
                    VPOS="421"
                    WIDTH="537"
                    HEIGHT="59"></String>
          </TextLine>

          
          
          <TextLine ID="eSc_line_9ea8a1e1"
                    
                    BASELINE="217 517 733 508" 
                    HPOS="215"
                    VPOS="465"
                    WIDTH="518"
                    HEIGHT="64">
            <Shape><Polygon POINTS="693 465 684 465 655 474 652 475 608 475 607 474 590 466 580 466 571 474 570 475 568 474 553 466 552 466 542 466 529 468 517 468 504 468 494 474 492 476 479 475 457 471 455 471 404 475 347 479 341 475 333 470 332 470 331 470 330 470 305 475 288 479 277 475 263 471 262 471 261 471 215 475 217 517 217 528 295 522 323 525 352 529 354 529 410 523 424 522 431 522 459 527 460 527 462 527 478 520 484 519 489 520 507 527 508 527 509 527 606 517 616 517 620 517 656 524 657 524 733 513 733 508 730 474 695 465 693 465"/></Shape>
	    <String CONTENT="Et celuy qui presche Uirgile,"
                    HPOS="215"
                    VPOS="465"
                    WIDTH="518"
                    HEIGHT="64"></String>
          </TextLine>

          
          
          <TextLine ID="eSc_line_ab8c37a5"
                    
                    BASELINE="217 563 740 555" 
                    HPOS="215"
                    VPOS="510"
                    WIDTH="525"
                    HEIGHT="66">
            <Shape><Polygon POINTS="236 517 234 517 215 525 217 563 217 568 261 576 262 576 298 568 305 568 313 568 367 574 369 574 370 574 387 568 395 567 409 568 439 573 440 573 468 568 482 567 508 568 551 572 552 572 553 572 559 568 570 564 578 568 583 571 585 571 586 571 650 569 651 569 652 569 652 568 659 563 739 568 740 555 736 515 715 519 703 515 686 510 685 510 684 510 682 510 660 517 646 520 636 518 623 513 622 513 621 513 620 513 618 513 612 518 607 522 528 522 524 520 514 513 513 513 512 513 510 513 509 513 483 522 475 523 436 523 237 517 236 517"/></Shape>
	    <String CONTENT="Est dit homme sage ⁊ habile,"
                    HPOS="215"
                    VPOS="510"
                    WIDTH="525"
                    HEIGHT="66"></String>
          </TextLine>

          
          
          <TextLine ID="eSc_line_a3cc8620"
                    
                    BASELINE="218 612 739 602" 
                    HPOS="217"
                    VPOS="557"
                    WIDTH="522"
                    HEIGHT="65">
            <Shape><Polygon POINTS="733 568 690 568 690 567 680 558 680 557 679 557 677 557 676 557 620 567 606 569 598 567 578 559 577 559 576 559 575 559 573 559 562 567 558 569 536 567 480 560 479 560 478 560 477 560 469 567 462 572 445 567 436 564 435 564 434 564 421 567 394 573 386 567 384 564 382 564 381 564 347 563 346 563 325 567 274 576 257 567 254 566 253 566 252 566 217 566 218 612 218 622 288 616 372 618 411 619 413 619 414 619 423 617 435 613 475 614 542 618 543 618 544 618 564 612 571 611 577 612 607 617 608 617 610 617 631 609 632 609 637 614 637 616 639 616 640 616 641 616 718 614 719 614 739 606 739 602 738 599 733 568"/></Shape>
	    <String CONTENT="Dont uient cela, ⁊ la raison?"
                    HPOS="217"
                    VPOS="557"
                    WIDTH="522"
                    HEIGHT="65"></String>
          </TextLine>

          
          
          <TextLine ID="eSc_line_9776cc17"
                    
                    BASELINE="409 655 630 650" 
                    HPOS="408"
                    VPOS="606"
                    WIDTH="222"
                    HEIGHT="61">
            <Shape><Polygon POINTS="533 607 527 607 503 616 502 616 499 616 419 608 413 608 408 613 409 655 409 667 523 660 534 661 557 665 558 665 559 665 572 660 575 658 580 658 610 663 611 663 612 663 630 656 630 650 626 614 561 614 537 606 533 607"/></Shape>
	    <String CONTENT="Le medecin."
                    HPOS="408"
                    VPOS="606"
                    WIDTH="222"
                    HEIGHT="61"></String>
          </TextLine>

          
          
          <TextLine ID="eSc_line_0d3f1d0f"
                    
                    BASELINE="217 706 714 697" 
                    HPOS="215"
                    VPOS="650"
                    WIDTH="499"
                    HEIGHT="74">
            <Shape><Polygon POINTS="454 655 443 658 424 665 394 663 389 658 384 655 384 653 382 653 381 653 380 653 342 658 321 661 316 658 312 655 311 655 310 655 308 655 215 657 217 706 217 712 252 712 253 712 267 724 268 724 269 724 271 724 321 716 327 721 328 721 330 721 331 721 332 721 356 710 357 710 359 710 376 721 377 721 379 721 380 721 381 721 428 709 430 709 431 709 458 720 459 720 460 720 462 720 463 720 475 709 495 719 497 719 498 719 499 719 521 711 557 719 558 719 559 719 561 719 561 717 570 710 580 716 581 716 582 716 583 716 585 716 616 706 639 717 640 717 641 717 689 716 690 716 714 704 714 697 710 660 670 660 669 658 660 651 660 650 659 650 657 650 656 650 655 650 630 658 622 662 568 662 562 658 556 653 554 653 553 653 552 653 551 653 541 658 533 662 513 658 503 657 502 657 500 657 494 658 474 663 468 658 463 653 454 655"/></Shape>
	    <String CONTENT="Cest par Peche, ⁊ sa poison."
                    HPOS="215"
                    VPOS="650"
                    WIDTH="499"
                    HEIGHT="74"></String>
          </TextLine>

          
          
          <TextLine ID="eSc_line_e3b4b5d9"
                    
                    BASELINE="408 746 620 744" 
                    HPOS="406"
                    VPOS="704"
                    WIDTH="214"
                    HEIGHT="50">
            <Shape><Polygon POINTS="418 704 416 704 406 709 408 746 408 754 618 752 620 744 617 711 527 704 526 704 524 704 499 711 469 705 468 705 467 705 465 705 460 710 453 704 451 704 450 704 420 704 419 704 418 704"/></Shape>
	    <String CONTENT="Le docteur."
                    HPOS="406"
                    VPOS="704"
                    WIDTH="214"
                    HEIGHT="50"></String>
          </TextLine>

          
          
          <TextLine ID="eSc_line_a8d2cc90"
                    
                    BASELINE="215 799 813 786" 
                    HPOS="214"
                    VPOS="739"
                    WIDTH="599"
                    HEIGHT="70">
            <Shape><Polygon POINTS="591 745 586 745 570 751 561 745 553 745 551 745 539 752 534 756 495 756 488 754 468 746 465 746 460 746 450 754 446 759 352 759 350 755 344 750 344 749 342 749 341 749 340 749 227 750 225 750 214 755 215 799 215 805 287 803 297 806 306 809 307 809 308 809 310 809 311 809 311 808 313 805 317 801 396 800 429 804 451 806 453 806 454 806 464 804 478 799 498 803 512 805 513 805 531 803 558 798 652 800 690 801 691 801 693 801 696 800 711 794 812 798 813 786 811 750 757 739 755 739 754 739 753 739 739 749 690 741 689 741 688 741 667 751 664 754 608 754 606 752 596 745 591 745"/></Shape>
	    <String CONTENT="Si l homme est malade en la teste,"
                    HPOS="214"
                    VPOS="739"
                    WIDTH="599"
                    HEIGHT="70"></String>
          </TextLine>

          
          
          <TextLine ID="eSc_line_b86b1ca4"
                    
                    BASELINE="219 844 836 835" 
                    HPOS="218"
                    VPOS="791"
                    WIDTH="618"
                    HEIGHT="64">
            <Shape><Polygon POINTS="833 820 828 800 770 791 769 791 768 791 767 791 755 801 728 801 718 801 715 801 630 794 629 794 627 794 626 794 626 795 617 803 597 795 596 795 595 795 593 795 592 795 592 796 585 803 585 804 529 804 528 804 519 796 519 795 518 795 517 795 493 795 492 795 490 795 489 795 479 803 468 796 467 796 465 796 464 796 463 796 463 798 455 804 454 805 448 804 405 796 404 796 403 796 381 804 375 806 365 805 327 798 318 798 311 798 310 798 308 798 307 798 307 799 301 805 298 808 292 805 279 801 278 801 277 801 276 801 274 801 269 805 268 806 266 805 259 800 259 799 258 799 257 799 256 799 218 805 219 844 219 855 268 848 283 854 285 854 286 854 290 854 332 847 376 852 390 853 391 853 392 853 394 853 394 852 395 852 401 845 492 848 557 850 558 850 559 850 568 847 573 844 610 845 685 848 686 848 688 848 689 848 696 843 699 842 720 842 823 847 824 847 826 847 827 847 836 840 836 835 834 825 833 820"/></Shape>
	    <String CONTENT="Ou tourmente de grand tempeste,"
                    HPOS="218"
                    VPOS="791"
                    WIDTH="618"
                    HEIGHT="64"></String>
          </TextLine>

          
          
          <TextLine ID="eSc_line_fd7ac45e"
                    
                    BASELINE="214 889 801 881" 
                    HPOS="213"
                    VPOS="837"
                    WIDTH="588"
                    HEIGHT="65">
            <Shape><Polygon POINTS="731 838 730 838 729 838 728 838 725 839 709 847 566 843 490 842 489 842 488 842 487 842 482 845 475 849 451 847 420 843 419 843 418 843 408 848 400 850 391 848 381 845 380 845 379 845 315 850 274 853 263 852 223 845 222 845 220 845 219 845 213 848 214 889 214 896 272 902 273 902 356 894 362 894 364 894 379 901 380 901 381 901 455 893 472 892 485 893 538 898 539 898 570 892 577 891 583 892 616 897 617 897 618 897 620 897 630 891 634 889 799 889 801 881 794 837 779 847 745 847 733 838 731 838"/></Shape>
	    <String CONTENT="Pourquoy ua il hors sa maison?"
                    HPOS="213"
                    VPOS="837"
                    WIDTH="588"
                    HEIGHT="65"></String>
          </TextLine>

          
          
          <TextLine ID="eSc_line_8b01ded8"
                    
                    BASELINE="214 934 713 928" 
                    HPOS="213"
                    VPOS="887"
                    WIDTH="500"
                    HEIGHT="54">
            <Shape><Polygon POINTS="214 934 214 941 713 933 713 928 710 897 622 887 621 887 620 887 618 887 603 897 518 889 517 889 516 889 499 897 460 889 459 889 405 899 351 891 350 891 349 891 347 891 335 899 246 893 244 893 243 893 213 902 214 934"/></Shape>
	    <String CONTENT="Pour adorer los d une beste;"
                    HPOS="213"
                    VPOS="887"
                    WIDTH="500"
                    HEIGHT="54"></String>
          </TextLine>

          
          
          <TextLine ID="eSc_line_a4bd3dff"
                    
                    BASELINE="214 983 813 973" 
                    HPOS="213"
                    VPOS="929"
                    WIDTH="600"
                    HEIGHT="69">
            <Shape><Polygon POINTS="214 983 214 991 266 991 277 998 278 998 279 998 281 998 282 998 305 990 310 988 313 990 330 998 331 998 332 998 333 998 335 998 335 997 344 990 346 987 366 987 372 990 386 997 387 997 389 997 390 997 391 997 400 991 435 996 436 996 438 996 439 996 446 990 448 988 449 990 462 996 463 996 464 996 465 996 467 996 467 995 473 990 477 986 503 990 538 995 539 995 566 990 596 983 684 983 696 990 701 992 703 992 704 992 813 988 813 973 811 937 762 929 760 929 759 929 758 929 758 931 750 937 749 938 747 937 735 932 734 932 733 932 731 932 721 937 715 941 645 941 621 937 587 932 586 932 585 932 583 932 577 937 571 942 553 937 537 933 536 933 534 933 533 933 532 933 532 934 527 937 522 943 495 943 485 938 479 934 478 934 438 934 436 934 410 936 409 936 408 936 408 937 405 938 399 946 286 947 213 939 214 983"/></Shape>
	    <String CONTENT="Ueu que a Iesus seul il compeste,"
                    HPOS="213"
                    VPOS="929"
                    WIDTH="600"
                    HEIGHT="69"></String>
          </TextLine>

          
          
          <TextLine ID="eSc_line_c9187fb5"
                    
                    BASELINE="217 1032 721 1022" 
                    HPOS="215"
                    VPOS="978"
                    WIDTH="506"
                    HEIGHT="62">
            <Shape><Polygon POINTS="552 978 551 978 549 978 527 986 513 991 508 986 502 981 502 980 500 980 499 980 492 980 479 980 470 980 469 980 468 980 467 980 467 981 462 986 458 990 445 986 435 983 434 983 433 983 431 983 426 986 414 992 374 986 345 982 344 982 342 982 328 986 301 995 293 987 292 987 291 987 215 987 217 1032 217 1039 297 1034 385 1036 445 1037 446 1037 448 1037 458 1034 472 1030 488 1034 519 1040 521 1040 522 1040 548 1031 558 1029 566 1031 576 1035 577 1035 578 1035 625 1030 626 1030 642 1037 644 1037 645 1037 709 1036 710 1036 711 1036 721 1027 721 1022 718 986 575 988 568 986 553 978 552 978"/></Shape>
	    <String CONTENT="Dont uient telle adoration?"
                    HPOS="215"
                    VPOS="978"
                    WIDTH="506"
                    HEIGHT="62"></String>
          </TextLine>

          
          
          <TextLine ID="eSc_line_6b91a66c"
                    
                    BASELINE="405 1074 629 1070" 
                    HPOS="404"
                    VPOS="1027"
                    WIDTH="225"
                    HEIGHT="61">
            <Shape><Polygon POINTS="528 1027 527 1027 495 1036 423 1029 421 1029 420 1029 404 1036 405 1074 405 1088 502 1079 514 1081 532 1086 533 1086 534 1086 536 1086 549 1080 554 1078 566 1079 606 1085 607 1085 608 1085 629 1075 629 1070 626 1039 601 1039 590 1029 590 1027 588 1027 587 1027 586 1027 585 1027 558 1037 531 1027 529 1027 528 1027"/></Shape>
	    <String CONTENT="Le medecin."
                    HPOS="404"
                    VPOS="1027"
                    WIDTH="225"
                    HEIGHT="61"></String>
          </TextLine>

          
          
          <TextLine ID="eSc_line_eff13e36"
                    
                    BASELINE="212 1125 703 1118" 
                    HPOS="210"
                    VPOS="1069"
                    WIDTH="493"
                    HEIGHT="73">
            <Shape><Polygon POINTS="700 1085 699 1083 661 1083 660 1081 644 1069 642 1069 641 1069 640 1069 639 1069 616 1081 613 1083 606 1081 582 1075 581 1075 580 1075 578 1075 559 1080 557 1081 557 1080 547 1073 537 1073 536 1073 527 1080 522 1084 500 1080 469 1074 462 1074 449 1074 448 1074 438 1079 425 1085 401 1079 391 1076 390 1076 389 1076 372 1079 327 1086 308 1078 298 1074 297 1074 296 1074 210 1076 212 1125 212 1135 308 1140 310 1140 311 1140 312 1140 317 1135 323 1132 355 1132 362 1135 370 1142 371 1142 372 1142 374 1142 404 1135 434 1130 441 1135 448 1140 449 1140 450 1140 451 1140 453 1140 468 1135 489 1129 503 1135 509 1139 510 1139 512 1139 513 1139 523 1135 547 1128 573 1135 576 1137 577 1137 578 1137 580 1137 582 1135 603 1128 623 1135 626 1137 627 1137 629 1137 703 1135 703 1118 700 1085 700 1085"/></Shape>
	    <String CONTENT="C est par Peche, ⁊ sa poison."
                    HPOS="210"
                    VPOS="1069"
                    WIDTH="493"
                    HEIGHT="73"></String>
          </TextLine>

          
          
          <TextLine ID="eSc_line_0332118c"
                    
                    BASELINE="405 1168 615 1164" 
                    HPOS="404"
                    VPOS="1124"
                    WIDTH="211"
                    HEIGHT="51">
            <Shape><Polygon POINTS="405 1168 405 1175 615 1172 615 1164 612 1134 533 1126 532 1126 531 1126 517 1132 509 1134 507 1132 500 1126 500 1125 499 1125 498 1125 497 1125 495 1125 494 1125 489 1130 488 1132 485 1130 472 1124 470 1124 469 1124 468 1124 467 1124 459 1130 455 1133 450 1129 440 1124 439 1124 438 1124 404 1128 405 1168"/></Shape>
	    <String CONTENT="Le docteur."
                    HPOS="404"
                    VPOS="1124"
                    WIDTH="211"
                    HEIGHT="51"></String>
          </TextLine>

          
          
          <TextLine ID="eSc_line_03544e12"
                    
                    BASELINE="215 1217 654 1207" 
                    HPOS="214"
                    VPOS="1165"
                    WIDTH="440"
                    HEIGHT="63">
            <Shape><Polygon POINTS="566 1165 553 1165 541 1167 536 1167 522 1173 519 1175 374 1175 346 1175 268 1168 267 1168 214 1178 215 1217 215 1228 654 1216 654 1207 650 1172 586 1173 585 1172 577 1165 566 1165"/></Shape>
	    <String CONTENT="Si bigottes, ⁊ papelars,"
                    HPOS="214"
                    VPOS="1165"
                    WIDTH="440"
                    HEIGHT="63"></String>
          </TextLine>

          
          
          <TextLine ID="eSc_line_da386bec"
                    
                    BASELINE="214 1261 718 1253" 
                    HPOS="213"
                    VPOS="1212"
                    WIDTH="505"
                    HEIGHT="59">
            <Shape><Polygon POINTS="715 1221 704 1216 632 1212 631 1212 630 1212 613 1218 606 1222 497 1222 490 1221 467 1214 465 1214 464 1214 463 1214 462 1214 462 1216 460 1216 455 1222 454 1224 421 1224 418 1222 400 1216 399 1216 397 1216 325 1224 320 1224 318 1224 298 1217 297 1217 296 1217 295 1217 277 1226 268 1218 267 1218 266 1218 232 1218 231 1218 229 1218 213 1224 214 1261 214 1271 716 1266 718 1253 715 1221 715 1221"/></Shape>
	    <String CONTENT="En secret font leurs raliars,"
                    HPOS="213"
                    VPOS="1212"
                    WIDTH="505"
                    HEIGHT="59"></String>
          </TextLine>

          
          
          <TextLine ID="eSc_line_2e3179e1"
                    
                    BASELINE="213 1307 631 1302" 
                    HPOS="212"
                    VPOS="1262"
                    WIDTH="419"
                    HEIGHT="55">
            <Shape><Polygon POINTS="213 1307 213 1317 631 1315 631 1302 629 1270 577 1262 576 1262 512 1268 488 1271 477 1268 453 1263 451 1263 426 1268 408 1272 389 1268 370 1265 369 1265 341 1268 303 1273 297 1268 295 1266 293 1266 292 1266 291 1266 212 1267 213 1307"/></Shape>
	    <String CONTENT="Puis apres fornication"
                    HPOS="212"
                    VPOS="1262"
                    WIDTH="419"
                    HEIGHT="55"></String>
          </TextLine>

          
          
          <TextLine ID="eSc_line_f8e05829"
                    
                    BASELINE="213 1359 742 1349" 
                    HPOS="212"
                    VPOS="1305"
                    WIDTH="530"
                    HEIGHT="67">
            <Shape><Polygon POINTS="739 1312 733 1310 634 1305 632 1305 583 1313 582 1313 581 1313 553 1306 552 1306 551 1306 549 1306 527 1315 497 1308 495 1308 494 1308 474 1316 468 1310 468 1308 467 1308 465 1308 464 1308 433 1315 411 1308 410 1308 409 1308 351 1317 317 1312 316 1312 315 1312 313 1312 305 1319 241 1312 239 1312 238 1312 212 1321 213 1359 213 1371 403 1372 404 1372 405 1372 413 1370 426 1365 512 1369 518 1369 519 1369 521 1369 542 1362 562 1369 563 1369 564 1369 566 1369 567 1369 568 1369 587 1362 665 1367 672 1367 674 1367 675 1367 676 1367 694 1360 739 1366 742 1349 739 1312 739 1312"/></Shape>
	    <String CONTENT="Uont quester doubles ⁊ liars;"
                    HPOS="212"
                    VPOS="1305"
                    WIDTH="530"
                    HEIGHT="67"></String>
          </TextLine>

          
        </TextBlock>
        
      </PrintSpace>
    </Page>
  </Layout>
</alto>
