1141 1507
160 121 588 66 Et si sont mocqueurs ⁊ raillars,

159 169 491 59 Dont uient la simulation?

351 222 233 56 Le medecin.

155 262 495 67 Cest par Peche, ⁊ sa poison.

350 313 212 58 Le docteur.

158 355 623 61 Quand prebstres sont incõtinentz,

155 404 465 60 A chastete non pertinentz,

159 453 461 58 Ou les gentz de religion,

155 502 626 60 Pourquoy les tient on es conuentz

153 546 605 56 Sans marier cõme aultres gentz,

153 590 502 63 Dont uient, la prohibition?

349 639 221 59 Le medecin.

152 681 500 68 Cest par Peche, ⁊ sa poison.

348 735 209 56 Le docteur.

152 778 594 64 Pourquoy deffend on de manger

152 822 612 68 En ung certain temps de la chair;

154 872 563 62 Ueu quon se remple de poisson,

152 918 581 62 Et quon en peult bien dispenser,

154 961 616 71 Quant on ueult argẽt desbourser;

153 1008 515 65 Dont uient la dispensation?

346 1061 223 55 Le medecin.

149 1101 500 68 Cest par Peche, ⁊ sa poison.

152 1152 480 58 Et pour briefue conclusion

150 1201 536 62 Peche mortel, est seule source,

153 1243 544 64 Qui faict en ce monde resource

153 1289 457 76 De tout mal, ⁊ infection,
