1140 1506
233 125 512 58 Orgueil a faict destruction,

232 171 432 51 D humilite. Et auarice,

229 215 555 59 (Qui est la racine de tout uice)

227 263 472 63 A mis a sac dame largesse.

227 311 535 57 Diligence meurt par paresse.

228 357 517 57 Luxure destruict continence.

225 404 518 61 Presumption pert esperance.

224 458 525 50 Enuie est contraire a amour.

224 495 560 55 Et blaspheme sans nul seiour,

229 545 619 61 Faict la guerre a l honneur de dieu;

227 593 497 58 Par ainsi peche en tout lieu,

227 640 558 57 De tout mal est cause ⁊ racine.

420 687 210 55 Le docteur.

224 730 470 56 Helas donnez y medecine;

222 776 531 61 Uous estes seul qui guarissez

223 825 529 59 Ceulx a qui grace eslargissez,

222 870 624 63 De uous tout seul noꝰ uiẽt salut.

413 918 221 59 Le medecin.

219 962 477 55 Encore nest point reuolut

219 1010 433 56 Son estat specialement;

227 1060 518 55 Il fault noter premierement

222 1105 521 62 Que hypotase ⁊ supersistence

219 1153 502 55 De l urine, a bonne euidence

218 1199 432 53 Ce monstre la digestion,

215 1246 427 55 Auoir bonne operation,

217 1290 546 79 Et chaleur au foye ⁊ au coeur,
