1141 1507
140 133 446 60 Cela mitigue la rigueur

141 179 496 62 Du uenin. Car Chrestiente

141 226 514 62 Tousiours en foy, ⁊ charite,

138 275 521 61 Et esperance, ha permanence

138 320 487 64 Cest hypotase ⁊ apparence,

138 369 629 68 Monstrant qu elle ne doibt mourir.

334 416 241 62 Inspiration.

135 457 627 66 Uueillez nous dõc bien tost ouurir,

136 508 561 59 Ou le tient le mal quelle porte.

327 557 223 57 Le medecin.

131 599 482 64 A ce faire ie me transporte;

131 646 587 64 Et ueulx selon les troys parties

134 695 529 62 Qui sont en l urine departies,

131 742 587 66 (Cest la haulte, moyenne ⁊ basse)

130 786 500 61 Declarer le mal qui la lasse.

135 835 514 56 Ie trouue en la partie haulte

130 882 548 61 De l urine, une grande faulte;

126 928 527 62 Car le cercle qu on dit nephile,

128 975 521 59 Qui est aux medecins facile;

125 1022 582 64 Est trop gras ⁊ trop enflamme,

124 1067 426 60 Estincellant, ⁊ allume;

123 1120 434 49 Cela denotte que le chief

123 1160 573 68 Et cerueau est plein de meschief.

125 1208 479 65 Hebete, trouble, ⁊ tout las.

317 1260 240 59 Inspiration.

124 1298 286 68 Qui est le chief?

713 1357 27 63 E
