1140 1506
455 130 221 56 Le medecin.

266 171 322 63 Sont les prelatz,

264 222 579 60 Des chrestiens, entendez uous?

455 271 243 60 Inspiration.

264 315 624 55 Les p̃latz? uoire, mais dictes nous

263 363 543 54 Selon que monstre ceste urine

264 411 488 58 Quelle maladie y domine;

263 455 608 63 Et comment on y peult pouruoir?

451 505 219 57 Le medecin.

261 548 478 60 Au chief y a pour dire uoir

261 597 599 58 Ung gros ⁊ merueilleux caterre,

262 643 590 59 Qui le faict cliner iusque a terre;

261 697 566 52 Cest l amour des biens terriens,

261 737 572 54 Car les prelatz ne deussent riens

262 784 461 60 Preferer au bien celestin,

262 829 576 63 Mais puis que Peche par uenin

263 877 389 56 D auarice les infecta;

261 923 596 60 Chascun de eulx le coeur infect a,

262 973 591 48 En desirant les biens du monde.

454 1019 210 52 Le docteur.

261 1065 533 55 Cest donc le caterre immunde,

266 1109 528 54 Qui les a faictz simoniacles,

262 1155 624 54 Uendantz le dieu des tabernacles,

262 1203 486 58 Sacrileges, larrons agus,

261 1248 557 59 Sectateurs de Simon magus,

262 1295 600 60 Quon doibt dire plus priapistes,

262 1342 493 73 Bacchanaliens, ⁊ papistes,
