1141 1506
313 130 441 55 ¶ Le docteur commence.

249 174 666 59 lieu moral, les troys uertus cõtiẽt,

169 168 89 99 Cestascauoir la foy, qui tout soustient

261 218 655 68 A

154 266 671 62 Auec laquelle, est conioincte esperance

154 316 589 60 Et charite; qui de la foy prouient

151 360 599 59 Chrestiente, par elles se entretient

155 405 757 65 Faisãt tousiors bõ oeuure, ⁊ ne espere en ce

154 450 756 68 Qui croyt en dieu, en nul tẽps na souffrãce

153 496 675 66 De bien qui soit, car qui a dieu a tout;

149 545 572 62 Celuy a dieu qui a en luy fiance

153 591 728 69 Prenant en luy tout seul saueur ⁊ goust.

195 638 574 62 Peuple auditeur, de la moralite;

146 683 521 56 A bien faire, par elle es incite

146 729 568 65 Et aduise, de delaisser tout uice

144 776 594 63 Et tout orgueil, ⁊ toute iniquite,

145 824 557 54 Toute luxure, ⁊ immundicite,

146 872 733 67 Faulx tesmoignage, aussi toute iniustice,

141 918 549 59 Ire, ⁊ enuie, paresse, ⁊ auarice,

140 963 672 64 Et tous pechez de par dieu deffendus,

140 1010 598 63 Qui croit cela, aura grace propice

141 1056 752 67 Par foy, a christ ayons les coeurs pendus.

176 1101 713 72 Hipocrisie, qui uoit en temps trãsquille,

136 1147 578 62 Chrestiente uiure par l euangile,

135 1194 594 66 Suyuant la foy, espoir, ⁊ charite

136 1241 565 64 Par heresie, ⁊ par raison subtile

135 1288 615 83 La uient tirer hors de l'esprit utile,

674 1342 85 53 A ii
