1141 1507
148 130 580 53 Ueneriens, gentz de Sodomes,

150 174 733 64 Que lon ne doibt sainctz, ⁊ preudhõmes.

148 222 497 61 L eglise est par eulx diuisee;

148 267 595 63 Chascun de eulx y prent sa hauee;

148 318 530 57 Lung entre par barat ⁊ force;

148 361 515 62 Lautre, par noblesse l efforce;

149 408 601 62 Lung crochette lhuys par proces,

148 458 482 58 Lautre, par dons y a acces;

148 499 623 64 Lung uend les dignes sacrementz,

148 548 563 57 Et lautre donne a garnemens,

149 594 626 62 Macquereaux, putaĩs, ⁊ bastardz;

149 640 569 55 Uoila comment ilz sont espars,

150 689 600 59 Les biens des paoures chrestiens,

150 732 557 62 Le riche a tout, le paoure riens.

150 779 567 61 Aucuns soubz la couleur ⁊ tiltre

152 826 498 60 De l euangile, ou de l epistre

150 872 546 61 Recoyuent des gros benefices,

153 924 495 54 Des dignitez, ⁊ des offices,

150 965 603 58 Procedantz du bourbier Romain:

152 1010 604 63 Non obstant quil leur soit certain,

153 1056 617 60 Que telz biẽs sont tresmal acquis,

150 1106 541 59 Comme d anathemat conquis;

153 1149 595 64 Mais soubz couleur euangelique,

155 1200 551 59 Ilz entendent a leur practique;

152 1247 579 59 Car quand ilz les ont attrappez,

159 1290 528 77 Ilz sont tellement aggrippez

683 1329 96 62 E ii
