1141 1507
245 111 661 64 Entre leurs mains quon ne les peult

243 158 575 64 Rauoir, ⁊ tirer quand on ueult;

247 205 501 61 Or deuant les auoir receuz,

252 252 485 63 Ilz disoient que bien repeuz

245 298 501 64 En seroient les fameliques;

246 346 623 64 Mais premiers les euangeliques,

245 393 467 59 Et annonciateurs dicelle.

246 438 520 59 Affin que leur mal ie ne celle,

247 484 603 68 Ie uous diray que cest quilz font.

243 540 557 54 (Apres que tant de bien ilz ont)

242 578 608 67 Certainement ilz ont grand honte

243 625 558 65 De l euangile; ⁊ n en font conte,

246 673 567 64 Fors par (aduenture) en secret;

243 717 580 65 Disantz; quil fault estre discret,

242 766 504 60 Et euiter le grand scandale,

243 811 601 65 Quil uient d en disputer en salle,

243 861 570 55 Ou en public deuant les gentz,

242 905 622 67 Mais, ains qͥlz fussẽt faictz regẽtz,

241 951 558 63 Des eueschez dont ont pecune;

242 1000 554 58 Ou ains dauoir office aucune,

242 1044 705 66 Tousiours auoient Christ en la bouche;

242 1091 692 68 Mais en apres nulz de eulx n y touche,

241 1136 549 68 Son y touche, cest froidement.

241 1191 516 53 Par maniere d acquittement,

238 1229 596 63 Et auec gentz a eulx semblables.

241 1275 622 80 Helas, ilz sont faictz dissemblables
