1140 1506
141 125 503 61 A eulx mesmes par auarice;

144 173 592 61 Ilz font la court, au fort, ⁊ riche,

140 220 583 63 Et les paoures sont mis dehors

141 262 536 66 Desquelz ilz estoient consors,

141 311 503 61 Domestiques, ⁊ familiers,

139 357 526 62 Auarice en faict par milliers,

138 406 539 59 Auiourdhuy nyer L euangile;

138 449 539 64 Car tel quil souloit en la uille

139 496 605 66 (Deuant auoir du bien) prescher;

138 543 597 65 A bien grand peine, ose il cracher,

140 589 590 66 De paour quil ne soit dit quil est

139 633 562 63 De Iesus christ; uoyla que cest.

138 683 625 67 Pẽsez bien messieurs les paulistes,

136 731 506 62 Ce que par les euangelistes,

140 775 478 62 Il est escript de contemner

138 825 626 59 Les biens, qui font l hõme damner;

139 869 521 65 Ne abhorrez pas les fugitifz,

138 918 563 59 Secourez aux paoures captifz,

138 963 604 62 Uous ne le faictes point a l hõme;

138 1012 590 63 Mais a Iesus qui dit en somme;

139 1057 482 62 Quod fecistis his pusillis,

138 1104 405 63 Mihi certe hoc fecistis,

140 1153 545 60 Les pusilles sont domestiques

139 1198 552 63 De la foy; quon dit heretiques,

138 1246 497 60 A tort; ⁊ qui ont tout perdu,

139 1290 574 75 Pour ensuyuir Iesus tout nud,

669 1344 100 69 E iii
