1141 1507
229 130 479 58 Pour uerite en droit tenir,

228 177 485 60 Et la saincte foy soustenir,

228 223 484 59 Les pusilles sont diseteux,

229 267 624 62 Qui nõt point uaillãt dix estocux;

231 318 622 63 Non poĩt ces gros pãceuz caphars.

420 365 223 53 Le medecin.

231 411 538 59 Par ce catarre en toutes pars,

229 457 439 59 Chrestiente est a meschief

229 502 501 60 Elle na plus sante au chief,

232 548 594 62 Dequoy sont ses yeulx aggrauez

232 597 581 56 Tous chassieux, ⁊ moult greuez

231 650 546 50 Par non scauoir, ⁊ ignorance,

232 689 529 60 Que luy cause telle greuance,

231 735 432 58 Ses oreilles, ⁊ ses oyes,

229 779 511 57 Sont fermees, ⁊ assourdies,

232 827 462 60 Sans ouyr l exhortation,

232 874 427 56 De saincte predication;

229 926 622 57 Et ses mains sõt toutes punaises,

231 972 546 52 Puantes comme les punaises,

229 1013 440 56 Sans discretion odorer,

228 1058 549 59 Et sans ung seul dieu adorer,

231 1106 506 63 Sa langue est en perplexite,

231 1155 465 56 Et ne peult bien en uerite

233 1209 487 49 Parler pertinente doctrine;

231 1248 530 60 Sa face palle, ⁊ meigre mine,

229 1298 620 67 Bigle oeil, a regarder mal ample,
