1140 1506
133 110 580 61 Car elle monstre malle exemple.

131 156 587 64 Aussi le chief au corps ne enuoye,

131 210 573 56 Par le col rien qui le pouruoye,

135 249 535 66 Brief, le chief est moult agite.

325 298 242 62 Bon oeuure.

134 341 462 64 Helas, helas Chrestiente,

134 391 557 60 Que uous endurez de moleste;

134 437 513 61 On dit; que le mal de la teste

136 484 577 63 Faict tout le corps mal se porter,

131 530 559 63 Et par ce point on doibt noter,

133 576 549 57 Que si le monde faict du mal,

131 623 457 63 Cela prouient du capital;

130 671 570 63 Cest du clerge n en doubtez pas,

131 716 589 64 Qui uit sans raison, ne compas,

129 761 604 68 Remply de tous pechez difformes,

130 809 556 65 Pompes, ⁊ abuz multiformes,

131 857 540 65 Uoila que nous faict le clerge.

325 906 219 56 Le medecin.

133 947 507 64 Tout ce mal sera descharge,

131 997 603 65 Quelq̃ iour par force, ou douleur.

130 1045 483 55 Apres ie uoy une rougeur,

131 1090 528 59 Tout au milieu de son urine,

131 1137 529 60 Signifiant mal de poictrine,

130 1184 624 63 D espaules, de bras, doigz, ⁊ maĩs;

133 1236 531 54 Lequel Peche par ses uenins

133 1277 603 94 Luy cause; affin que trop la blesse.

655 1329 107 61 E iiii
