1140 1506
156 120 476 60 Par l urine iuger du creux

155 166 555 61 Ha? qu il y a de maulx accreux,

155 213 524 60 L estomach qui doibt digerer,

156 261 469 57 Toute uiande, ⁊ conferer

154 308 588 54 A tous mẽbres chascun leur part;

151 356 479 56 Ce porte mal, car il espart

153 401 511 55 Desordonnement son office.

342 451 244 56 Bon oeuure.

150 493 525 54 Aussi font ceulx de la iustice;

150 542 554 54 Qui ont l estomach corrompu,

146 586 418 59 Refroide, lasse, rompu,

148 636 575 54 Car les iuges souuent auallent,

145 680 761 61 Les gras morceaux, qui peu leur uallent;

145 729 532 60 Et souuent cela les empesche,

146 774 472 61 D expedier iuste despesche

143 822 679 61 Aux paoures gens qui ont bon droict;

145 868 546 60 Et puis, l estomach est si froid,

145 917 473 58 Que iustice ne regne plus.

336 965 221 50 Le medecin.

144 1006 531 59 Selon ceste urine au surplus;

143 1054 590 60 Son fiel est par trop enflamme,

143 1103 511 57 Et son poulmon est entame,

143 1148 576 56 Dont a grand peine elle respire,

143 1198 474 57 La ratte pourrit, ⁊ empire,

140 1242 553 56 Les entrailles sont es uuydees,

139 1290 528 59 Et le ventre a dures undees,
