1140 1506
155 122 598 54 Deuant trouuer leur sens moralz;

151 166 501 64 Par lessus dictz uint heresie,

151 209 584 70 Hardis, suyuantz leur frenaisie,

151 259 574 58 Et affermantz sans auoir texte

154 306 584 62 Plusieurs notables de leur teste,

151 351 483 59 Contraires a la loy diuine,

151 399 530 61 Par leur sophistique doctrine

149 441 629 67 Et puis ilz ont tant faict de gloses,

151 489 623 66 (Ausquelles sont erreurs encloses)

153 538 553 59 Quilz ont a la lettre adiouste,

150 584 494 62 Et du uray texte tant oste,

154 628 600 60 Qu ilz ont destruict l intelligence,

153 676 535 60 Du sainct esprit par uiolence.

161 724 613 64 Item ilz ont mis tous leurs cures,

150 770 550 62 A uendre ⁊ achepter des cures,

153 815 575 64 Tellement quon a rien a Rõme,

151 864 607 60 Sans payer dargent une somme.

193 911 486 59 Procedõs en autre matiere

150 956 566 63 Sans en rien laisser au derriere;

149 1003 496 58 Apres les places cerebrines,

149 1051 443 63 Pectorales, ⁊ intestines,

150 1096 438 62 Et regions superieures,

153 1144 487 60 De l urine, aux inferieures

150 1187 624 66 Uenons; ha? quelles sont masisses,

150 1233 602 65 Et noires, il fault que les cuysses,

155 1281 546 79 Iambes, ⁊ piedz ayent trauail
