1141 1507
197 115 578 57 Tout iusques au bout de l orteil;

197 163 504 58 L urine le donne a entendre.

385 210 254 52 Bon oeuure .

197 252 673 61 Ha, uueillez nous ung peu apprẽdre,

199 311 610 53 Que denottent les cuysses ambes,

198 349 378 61 Aussi les deux piedz.

387 396 221 54 Le medecin.

194 438 304 59 Cuisses, iambes,

197 492 605 55 Et les piedz sur terre marchantz,

198 536 627 60 Denottent bourgeoys, ⁊ marchãs,

197 582 633 55 Et laboureurs. Les mẽbres portẽt

198 630 630 56 Les hommes ou ilz se transportent

197 675 535 60 Et soustiennent le pesant faiz

198 722 625 62 Du corps; quãd ilz sont bien refaiz;

198 769 584 56 Car bourgeoisie, ⁊ marchandise,

198 815 562 61 Et labeur, soustiennent l eglise.

198 861 476 63 Et toute iustice ⁊ noblesse.

393 910 249 56 Bon oeuure.

201 954 535 61 Ie uous prie, quel mal blesse

199 1004 607 57 Les premiers, les secondz, ⁊ tiers?

393 1049 221 57 Le medecin.

202 1097 621 59 Les bourgeoys, ⁊ les gros rẽtiers,

203 1142 625 61 Par peche, dont ilz fõt coustumes,

202 1190 627 60 Dont cuysses pleines d apostumes;

202 1243 627 53 Les marchãs, ꝑ mauuaises meurs

201 1288 590 64 Sont iambes enflees d humeurs;
