1141 1507
255 130 551 60 Et si la faict suyuir charnalite;

255 175 612 63 Luy promettant d auoir prosperite

255 222 630 61 Mais en la fin elle en aura la mort,

255 270 491 55 Certes il est predit ⁊ decrete

258 311 749 69 Que qui faict mal, mal luy aduiẽt en sort

309 361 614 54 Qui a peche, il doibt auoir recours

256 404 663 68 A Iesus Christ, qui est nostre secours

258 455 592 53 Nostre aduocat, ⁊ nostre medecin

258 497 708 66 Luy seul guarist, les aueugles ⁊ sourdz

257 548 742 61 Aller ne fault, aux hõmes na leurs cours;

258 594 516 62 Car qui si fie, il sera en la fin

260 637 721 58 Maudict de dieu, mourant en son uenin;

261 686 726 62 Sil nest purge des humeurs hereticques,

261 732 707 66 Par Iesus Christ, nostre sauueur diuin

260 779 755 64 Car nous sõmes, sans luy pires q̃ eticques.

322 836 646 58 ¶Nota que la foy doibt preceder, ⁊ Chre-

320 882 637 52 stiente uenir apres accõpaignee de Espe-

319 925 580 57 rance ⁊ de Charite, puis Bon oeuure.

490 969 261 53 La foy primo.

263 1013 753 61 Par grace en foy, sans oeuures iudaiques;

266 1059 691 58 Christ a uoulu, par dictz apostoliques

268 1106 704 61 De ses esleuz monstrer le salut prendre;

267 1152 757 64 Si qu'on ne doibt, en soymesme comprẽdre

268 1201 753 54 Que par ses faictzon soit ioinct aux reliq̃s.

320 1248 565 60 Pharisiens operateurs iniques;

270 1293 692 77 Par argumens, ⁊ raisons sophistiques
