1141 1507
160 135 591 62 Les cuysses ont des pourritures,

159 179 567 67 Et les iambes ont des fistures,

159 226 524 66 Et des mules, car laboureux

159 270 611 76 Sõt fins, frettez, raddes coureux,

157 320 497 70 Et pleins de toute faulsete.

349 370 246 60 Bon oeuure.

159 410 509 68 O que uoila tout bien notte

157 459 517 69 L urine, ⁊ toutes ses parties,

154 504 505 66 Cest bien iuge des maladies

154 551 529 68 De Chrestiente languissante;

153 599 592 74 Reste, que uostre main puissante

154 644 493 71 Luy rende sa sante pristine.

344 700 225 58 Le medecin.

153 738 511 68 Pour ordonner la medecine;

153 783 491 64 Il fault sur ce pas aduiser.

152 833 511 64 Premierement il fault uiser

149 881 407 62 A rendre paix ⁊ unite,

147 923 537 72 Aux membres de Chrestiente,

149 975 528 68 Et que tout soit bien reforme

152 1018 491 65 En tous estatz, ⁊ conforme

147 1063 576 73 A Iesus christ sans plus tarder.

343 1123 241 56 Inspiration.

149 1156 532 72 Il ne fault plus que regarder

148 1206 627 79 Par quel bout uous commencerez.

339 1257 221 61 Le medecin.

147 1296 529 79 Elle a eu comme uous scauez
