<?xml version="1.0" encoding="UTF-8"?>
<alto xmlns:xsi="http://www.w3.org/2001/XMLSchema-instance"
      xmlns="http://www.loc.gov/standards/alto/ns-v4#"
      xsi:schemaLocation="http://www.loc.gov/standards/alto/ns-v4# http://www.loc.gov/standards/alto/v4/alto-4-2.xsd">
  <Description>
    <MeasurementUnit>pixel</MeasurementUnit>
    <sourceImageInformation>
      <fileName>81_9c5b8_default.jpg</fileName>
      <fileIdentifier>https://www.e-rara.ch/zuz/i3f/v20/165384/full/full/0/default.jpg</fileIdentifier>
    </sourceImageInformation>
  </Description>
  
  <Tags>
    <OtherTag ID="BT702" LABEL="MainZone" DESCRIPTION="block type MainZone"/><OtherTag ID="BT703" LABEL="RunningTitleZone" DESCRIPTION="block type RunningTitleZone"/><OtherTag ID="BT704" LABEL="NumberingZone" DESCRIPTION="block type NumberingZone"/><OtherTag ID="BT705" LABEL="QuireMarksZone" DESCRIPTION="block type QuireMarksZone"/><OtherTag ID="BT706" LABEL="TitlePageZone" DESCRIPTION="block type TitlePageZone"/><OtherTag ID="BT707" LABEL="StampZone" DESCRIPTION="block type StampZone"/><OtherTag ID="BT709" LABEL="MarginTextZone" DESCRIPTION="block type MarginTextZone"/>
    <OtherTag ID="LT236" LABEL="DefaultLine" DESCRIPTION="line type DefaultLine"/><OtherTag ID="LT237" LABEL="HeadingLine" DESCRIPTION="line type HeadingLine"/>
  </Tags>
  
  <Layout>
    <Page WIDTH="1141"
          HEIGHT="1507"
          PHYSICAL_IMG_NR="81"
          ID="eSc_dummypage_">
      <PrintSpace HPOS="0"
                  VPOS="0"
                  WIDTH="1141"
                  HEIGHT="1507">
        

        
        <TextBlock ID="eSc_dummyblock_">
          
          
          <TextLine ID="eSc_line_9680344c"
                    
                    BASELINE="226 202 721 184" 
                    HPOS="223"
                    VPOS="145"
                    WIDTH="498"
                    HEIGHT="68">
            <Shape><Polygon POINTS="713 149 701 149 688 149 676 148 663 148 650 148 638 148 625 146 613 146 600 146 588 145 575 145 562 145 550 145 537 145 525 145 512 146 500 146 487 148 471 153 469 153 454 149 449 149 437 150 424 150 412 150 399 151 387 151 374 153 371 153 329 158 327 158 305 155 299 156 286 156 273 158 261 158 248 159 236 159 233 158 223 162 226 202 226 213 267 205 290 212 292 212 294 212 295 212 296 212 297 212 299 210 311 204 437 204 542 204 542 203 544 203 564 197 569 195 570 197 575 200 576 200 578 200 579 200 721 188 721 184 718 149 713 149"/></Shape>
	    <String CONTENT="Grace, qui fut preparatiue;"
                    HPOS="223"
                    VPOS="145"
                    WIDTH="498"
                    HEIGHT="68"></String>
          </TextLine>

          
          
          <TextLine ID="eSc_line_7aebefb4"
                    
                    BASELINE="227 249 458 238 802 229" 
                    HPOS="224"
                    VPOS="185"
                    WIDTH="578"
                    HEIGHT="69">
            <Shape><Polygon POINTS="790 199 777 195 765 192 752 188 750 192 726 185 725 185 723 185 679 193 673 194 668 194 645 188 644 188 643 188 608 194 598 197 589 195 570 190 569 190 567 190 566 190 565 190 565 192 564 192 561 195 559 198 541 197 511 193 510 193 451 198 376 204 361 199 356 198 355 198 354 198 353 198 348 200 336 205 321 200 317 199 316 199 315 199 314 199 309 200 291 207 224 203 227 249 227 254 801 236 802 229 792 199 790 199"/></Shape>
	    <String CONTENT="Maintenant pour la purgatiue,"
                    HPOS="224"
                    VPOS="185"
                    WIDTH="578"
                    HEIGHT="69"></String>
          </TextLine>

          
          
          <TextLine ID="eSc_line_e5ba6c96"
                    
                    BASELINE="229 297 382 287 658 278" 
                    HPOS="229"
                    VPOS="237"
                    WIDTH="429"
                    HEIGHT="68">
            <Shape><Polygon POINTS="512 237 488 246 480 248 457 247 388 242 382 242 370 251 361 244 360 244 359 244 358 244 356 244 355 244 355 246 354 246 350 251 327 246 326 246 283 253 265 248 265 248 252 249 251 249 237 254 229 273 229 297 229 305 425 292 501 297 511 297 512 297 517 296 557 287 657 291 658 278 653 238 561 243 552 242 516 237 512 237"/></Shape>
	    <String CONTENT="La parolle luy porterez,"
                    HPOS="229"
                    VPOS="237"
                    WIDTH="429"
                    HEIGHT="68"></String>
          </TextLine>

          
          
          <TextLine ID="eSc_line_604032cf"
                    
                    BASELINE="228 341 701 324" 
                    HPOS="226"
                    VPOS="283"
                    WIDTH="475"
                    HEIGHT="69">
            <Shape><Polygon POINTS="238 297 226 308 228 341 228 352 310 352 310 351 311 351 320 347 331 342 384 344 459 346 461 346 462 346 463 346 463 345 464 345 468 340 471 337 478 339 493 342 495 342 496 342 505 337 508 336 512 337 529 344 530 344 531 344 532 344 534 344 545 336 547 334 578 334 580 334 590 341 591 341 593 341 594 341 642 331 663 339 664 339 666 339 667 339 701 327 701 324 698 287 579 283 578 283 576 283 575 283 562 291 482 287 481 287 480 287 457 295 431 288 429 288 428 288 427 288 408 296 365 291 364 291 322 300 248 296 238 297"/></Shape>
	    <String CONTENT="Et par la foy la purgerez;"
                    HPOS="226"
                    VPOS="283"
                    WIDTH="475"
                    HEIGHT="69"></String>
          </TextLine>

          
          
          <TextLine ID="eSc_line_be2a81d0"
                    
                    BASELINE="231 386 813 369" 
                    HPOS="228"
                    VPOS="327"
                    WIDTH="585"
                    HEIGHT="71">
            <Shape><Polygon POINTS="806 330 794 329 787 327 769 331 706 327 694 327 693 327 692 327 691 327 689 329 678 335 623 331 600 330 599 330 584 332 556 339 534 335 517 332 516 332 515 332 506 336 497 340 469 337 449 336 448 336 392 341 346 345 339 344 322 339 321 339 320 339 319 339 317 339 310 345 307 346 299 345 268 340 267 340 228 347 231 386 231 398 333 390 369 394 384 395 385 395 387 395 388 395 390 393 402 386 452 390 466 391 467 391 468 391 472 390 486 384 491 389 492 390 492 391 493 391 495 391 496 393 521 393 521 391 522 391 524 391 529 388 535 383 541 388 542 388 544 388 545 388 552 386 580 381 590 385 599 389 600 389 601 389 603 389 619 384 634 380 649 383 669 386 671 386 672 386 691 381 704 378 708 380 715 385 716 385 717 385 718 385 720 385 731 380 738 376 760 379 801 383 802 383 804 383 805 383 813 378 813 369 809 330 806 330"/></Shape>
	    <String CONTENT="Mais premier quand a legestiue,"
                    HPOS="228"
                    VPOS="327"
                    WIDTH="585"
                    HEIGHT="71"></String>
          </TextLine>

          
          
          <TextLine ID="eSc_line_ba7a0837"
                    
                    BASELINE="234 432 760 415" 
                    HPOS="232"
                    VPOS="374"
                    WIDTH="528"
                    HEIGHT="71">
            <Shape><Polygon POINTS="678 374 667 376 634 384 586 379 566 376 559 378 556 380 547 388 515 388 490 381 480 379 473 379 473 380 471 383 464 389 446 384 444 384 443 384 442 384 419 390 404 384 399 381 395 383 392 383 388 385 382 391 361 385 355 384 354 384 345 384 333 384 329 384 327 384 326 384 325 384 321 386 310 394 232 390 234 432 234 445 278 437 329 437 340 443 341 443 343 443 344 443 350 442 380 437 388 440 393 443 394 443 395 443 397 443 398 443 402 440 413 434 508 435 596 437 598 437 760 424 760 415 756 374 716 381 688 375 679 374 678 374"/></Shape>
	    <String CONTENT="Ha elle chambre assez aysiue?"
                    HPOS="232"
                    VPOS="374"
                    WIDTH="528"
                    HEIGHT="71"></String>
          </TextLine>

          
          
          <TextLine ID="eSc_line_cfc739ca"
                    
                    BASELINE="240 477 530 467" 
                    HPOS="237"
                    VPOS="432"
                    WIDTH="293"
                    HEIGHT="61">
            <Shape><Polygon POINTS="240 477 240 493 268 493 268 492 270 492 271 492 271 491 272 491 280 483 294 489 295 489 296 489 297 489 299 489 300 489 301 488 312 482 331 487 343 489 344 489 345 489 346 489 366 484 388 479 402 482 422 486 423 486 424 486 448 479 458 477 463 478 487 484 488 484 490 484 491 484 492 484 492 483 501 475 501 474 530 473 530 467 527 432 316 432 315 432 314 432 312 432 312 433 311 433 306 439 304 439 273 433 272 433 237 440 240 477"/></Shape>
	    <String CONTENT="Or dittes moy?"
                    HPOS="237"
                    VPOS="432"
                    WIDTH="293"
                    HEIGHT="61"></String>
          </TextLine>

          
          
          <TextLine ID="eSc_line_12091c2a"
                    
                    BASELINE="438 522 664 513" 
                    HPOS="436"
                    VPOS="467"
                    WIDTH="228"
                    HEIGHT="69">
            <Shape><Polygon POINTS="524 468 511 468 500 468 498 468 496 468 490 474 481 479 468 474 459 470 458 470 457 470 436 473 438 522 439 536 471 526 498 533 500 533 501 533 502 533 537 523 663 527 664 513 662 474 569 469 567 469 566 469 565 469 559 474 556 475 554 474 545 467 544 467 542 467 541 467 524 467 524 468"/></Shape>
	    <String CONTENT="Inspiration."
                    HPOS="436"
                    VPOS="467"
                    WIDTH="228"
                    HEIGHT="69"></String>
          </TextLine>

          
          
          <TextLine ID="eSc_line_9d0fdeec"
                    
                    BASELINE="237 575 574 562" 
                    HPOS="234"
                    VPOS="519"
                    WIDTH="340"
                    HEIGHT="68">
            <Shape><Polygon POINTS="498 521 486 521 473 521 462 521 457 527 452 529 432 527 413 524 412 524 385 527 334 533 326 528 321 524 320 524 319 524 317 524 316 524 305 528 283 536 275 528 272 526 271 526 270 526 268 526 234 528 237 575 237 578 267 587 268 587 270 587 271 587 290 578 336 585 338 585 382 582 383 582 384 582 394 575 395 575 539 577 540 577 541 577 574 568 574 562 571 526 500 519 498 521"/></Shape>
	    <String CONTENT="Nenny pour uray."
                    HPOS="234"
                    VPOS="519"
                    WIDTH="340"
                    HEIGHT="68"></String>
          </TextLine>

          
          
          <TextLine ID="eSc_line_f2918353"
                    
                    BASELINE="431 611 653 606" 
                    HPOS="429"
                    VPOS="560"
                    WIDTH="224"
                    HEIGHT="60">
            <Shape><Polygon POINTS="648 567 605 560 604 560 603 560 601 560 589 568 586 568 562 563 555 563 545 563 540 568 537 571 472 571 469 568 467 566 467 567 454 567 442 567 439 567 429 568 431 611 431 620 639 620 639 619 640 619 653 611 653 606 650 568 648 567"/></Shape>
	    <String CONTENT="Le medecin."
                    HPOS="429"
                    VPOS="560"
                    WIDTH="224"
                    HEIGHT="60"></String>
          </TextLine>

          
          
          <TextLine ID="eSc_line_1528cac8"
                    
                    BASELINE="237 668 731 650" 
                    HPOS="234"
                    VPOS="610"
                    WIDTH="497"
                    HEIGHT="61">
            <Shape><Polygon POINTS="725 615 712 612 699 611 697 610 601 610 600 610 556 617 549 617 542 617 480 612 478 612 287 626 246 621 245 621 243 621 242 621 234 625 237 668 237 671 730 655 731 650 728 615 725 615"/></Shape>
	    <String CONTENT="A ce poinct la, ie pouruerray"
                    HPOS="234"
                    VPOS="610"
                    WIDTH="497"
                    HEIGHT="61"></String>
          </TextLine>

          
          
          <TextLine ID="eSc_line_3bc2affe"
                    
                    BASELINE="240 710 767 695" 
                    HPOS="240"
                    VPOS="653"
                    WIDTH="527"
                    HEIGHT="67">
            <Shape><Polygon POINTS="765 655 762 653 727 653 726 653 725 653 723 653 723 654 722 654 717 660 687 655 679 654 678 654 677 654 672 655 655 661 640 656 637 655 635 655 634 655 633 655 629 656 615 663 599 658 593 656 591 656 590 656 589 656 588 656 585 659 575 664 532 660 511 659 510 659 508 659 503 661 493 666 473 663 459 660 458 660 457 660 456 660 451 663 443 668 407 665 382 663 375 664 369 664 364 666 354 671 247 671 241 680 240 710 240 720 767 702 767 695 765 655 765 655"/></Shape>
	    <String CONTENT="Pour iecter du uenin l ordure;"
                    HPOS="240"
                    VPOS="653"
                    WIDTH="527"
                    HEIGHT="67"></String>
          </TextLine>

          
          
          <TextLine ID="eSc_line_f8cd28a0"
                    
                    BASELINE="238 761 732 740" 
                    HPOS="238"
                    VPOS="702"
                    WIDTH="494"
                    HEIGHT="69">
            <Shape><Polygon POINTS="238 747 238 761 238 766 297 771 299 771 732 747 732 740 727 702 595 710 589 708 578 703 576 703 575 703 574 703 555 709 545 714 493 714 480 713 424 708 423 708 422 708 400 717 398 718 394 718 360 710 359 710 358 710 356 710 343 719 270 714 268 714 267 714 245 722 238 747"/></Shape>
	    <String CONTENT="Affin d en faire entiere cure,"
                    HPOS="238"
                    VPOS="702"
                    WIDTH="494"
                    HEIGHT="69"></String>
          </TextLine>

          
          
          <TextLine ID="eSc_line_99f3115a"
                    
                    BASELINE="241 807 779 786" 
                    HPOS="238"
                    VPOS="742"
                    WIDTH="541"
                    HEIGHT="75">
            <Shape><Polygon POINTS="771 747 743 742 742 742 741 742 718 749 708 752 699 749 681 744 679 744 678 744 677 744 666 750 659 754 585 757 560 753 544 750 542 750 524 754 490 761 466 756 458 754 457 754 456 754 454 754 454 756 453 756 447 762 418 757 409 756 408 756 407 756 405 756 405 757 404 757 398 763 380 758 376 757 375 757 374 757 373 757 371 757 371 758 365 764 354 759 353 759 351 759 350 759 331 767 311 759 310 759 309 759 238 761 241 807 241 817 593 798 600 801 611 804 613 804 614 804 615 804 616 804 616 803 622 799 624 797 657 797 740 799 741 799 779 791 779 786 775 753 771 747"/></Shape>
	    <String CONTENT="Et pour la guarir a ma guise,"
                    HPOS="238"
                    VPOS="742"
                    WIDTH="541"
                    HEIGHT="75"></String>
          </TextLine>

          
          
          <TextLine ID="eSc_line_d5644835"
                    
                    BASELINE="242 853 807 832" 
                    HPOS="240"
                    VPOS="788"
                    WIDTH="567"
                    HEIGHT="76">
            <Shape><Polygon POINTS="806 831 796 797 740 788 738 788 737 788 699 801 658 792 657 792 655 792 632 803 619 793 618 793 616 793 604 793 591 793 579 794 567 794 550 806 496 797 491 798 486 798 458 810 442 799 441 799 431 799 418 811 397 801 390 802 387 802 341 813 281 806 277 806 265 807 263 807 240 816 242 853 242 860 295 864 296 864 361 856 380 853 383 855 389 860 390 860 392 860 393 860 441 858 493 850 508 848 521 850 573 853 574 853 616 846 638 851 639 851 640 851 642 851 643 851 650 843 652 842 686 842 696 842 771 846 772 846 807 837 807 832 806 830 806 831"/></Shape>
	    <String CONTENT="Mener la fault en saincte eglise,"
                    HPOS="240"
                    VPOS="788"
                    WIDTH="567"
                    HEIGHT="76"></String>
          </TextLine>

          
          
          <TextLine ID="eSc_line_ced18a9b"
                    
                    BASELINE="243 900 745 880" 
                    HPOS="241"
                    VPOS="837"
                    WIDTH="504"
                    HEIGHT="69">
            <Shape><Polygon POINTS="693 837 681 837 668 838 655 838 653 838 614 845 599 841 593 841 581 841 574 846 567 841 567 842 557 842 551 848 550 848 541 848 478 845 467 846 454 846 448 846 428 853 425 853 419 853 376 848 366 850 356 850 348 856 346 857 301 858 299 858 276 852 266 853 261 853 241 860 243 900 243 906 745 889 745 880 741 841 703 837 693 837"/></Shape>
	    <String CONTENT="Hors laquelle, nul na salut;"
                    HPOS="241"
                    VPOS="837"
                    WIDTH="504"
                    HEIGHT="69"></String>
          </TextLine>

          
          
          <TextLine ID="eSc_line_f2b1aaff"
                    
                    BASELINE="243 945 757 928" 
                    HPOS="241"
                    VPOS="882"
                    WIDTH="516"
                    HEIGHT="72">
            <Shape><Polygon POINTS="681 884 668 884 655 884 644 884 614 895 565 887 556 887 481 900 467 891 467 891 454 892 453 892 424 902 423 904 412 904 397 904 385 895 379 895 374 895 361 901 331 896 329 897 316 897 306 897 294 907 241 909 243 945 243 954 756 933 757 928 755 887 748 882 747 882 746 882 745 882 684 882 681 884"/></Shape>
	    <String CONTENT="Cest l espouse, qui tant ualut"
                    HPOS="241"
                    VPOS="882"
                    WIDTH="516"
                    HEIGHT="72"></String>
          </TextLine>

          
          
          <TextLine ID="eSc_line_a5274227"
                    
                    BASELINE="248 994 751 973" 
                    HPOS="246"
                    VPOS="929"
                    WIDTH="505"
                    HEIGHT="74">
            <Shape><Polygon POINTS="711 930 698 930 691 930 667 936 644 931 635 933 623 933 610 933 569 941 503 936 497 938 490 938 473 945 464 938 459 939 456 939 451 946 429 939 422 940 410 940 378 949 355 941 349 941 330 951 278 944 271 945 270 945 246 954 248 994 248 1003 751 982 751 973 747 935 720 929 711 930"/></Shape>
	    <String CONTENT="Que le filz de dieu l espousa;"
                    HPOS="246"
                    VPOS="929"
                    WIDTH="505"
                    HEIGHT="74"></String>
          </TextLine>

          
          
          <TextLine ID="eSc_line_bab0ebaf"
                    
                    BASELINE="246 1039 738 1019" 
                    HPOS="243"
                    VPOS="977"
                    WIDTH="495"
                    HEIGHT="74">
            <Shape><Polygon POINTS="671 977 666 977 643 984 634 988 600 988 596 987 586 980 583 980 574 980 557 988 550 990 531 989 497 985 496 985 495 985 493 985 493 987 492 987 490 990 487 994 453 994 447 992 432 987 432 987 419 988 417 988 397 994 385 997 366 995 329 992 319 992 306 993 297 993 243 999 246 1039 246 1051 289 1043 351 1047 368 1047 369 1047 370 1047 379 1044 405 1038 422 1043 428 1044 429 1044 431 1044 432 1044 433 1044 436 1042 442 1038 503 1038 583 1038 584 1038 737 1024 738 1019 733 982 697 984 692 983 678 977 671 977"/></Shape>
	    <String CONTENT="Et laquelle pour espouse a,"
                    HPOS="243"
                    VPOS="977"
                    WIDTH="495"
                    HEIGHT="74"></String>
          </TextLine>

          
          
          <TextLine ID="eSc_line_5243799a"
                    
                    BASELINE="248 1086 726 1067" 
                    HPOS="246"
                    VPOS="1023"
                    WIDTH="480"
                    HEIGHT="70">
            <Shape><Polygon POINTS="667 1023 666 1023 664 1023 663 1023 662 1023 648 1032 644 1034 569 1036 561 1034 539 1028 537 1028 536 1028 535 1028 532 1028 524 1036 518 1038 490 1036 434 1032 431 1032 415 1038 403 1043 397 1038 392 1034 390 1034 389 1034 388 1034 387 1034 378 1039 370 1043 366 1039 363 1036 361 1036 360 1036 359 1036 358 1036 346 1039 338 1043 334 1041 330 1037 329 1037 327 1037 326 1037 246 1042 248 1086 248 1093 726 1076 726 1067 722 1031 683 1032 681 1031 668 1023 667 1023"/></Shape>
	    <String CONTENT="Elle se doibt regir par foy;"
                    HPOS="246"
                    VPOS="1023"
                    WIDTH="480"
                    HEIGHT="70"></String>
          </TextLine>

          
          
          <TextLine ID="eSc_line_4292b506"
                    
                    BASELINE="250 1131 698 1115" 
                    HPOS="247"
                    VPOS="1072"
                    WIDTH="451"
                    HEIGHT="67">
            <Shape><Polygon POINTS="392 1081 390 1081 389 1081 379 1088 378 1090 329 1090 326 1090 281 1085 272 1085 247 1092 250 1131 250 1139 461 1128 468 1130 487 1135 488 1135 490 1135 554 1126 556 1126 557 1126 593 1131 594 1131 595 1131 627 1122 629 1122 630 1122 662 1128 663 1128 664 1128 698 1118 698 1115 696 1077 640 1072 639 1072 638 1072 622 1080 619 1080 618 1080 598 1073 596 1073 595 1073 594 1073 593 1073 593 1074 591 1074 586 1081 575 1076 574 1076 573 1076 571 1076 552 1082 551 1082 549 1082 534 1076 532 1076 531 1076 530 1076 515 1083 513 1083 510 1083 469 1078 468 1078 467 1078 451 1086 449 1086 443 1086 393 1081 392 1081"/></Shape>
	    <String CONTENT="Et par l euangile ⁊ la loy"
                    HPOS="247"
                    VPOS="1072"
                    WIDTH="451"
                    HEIGHT="67"></String>
          </TextLine>

          
          
          <TextLine ID="eSc_line_f7bbdda2"
                    
                    BASELINE="251 1180 874 1156" 
                    HPOS="248"
                    VPOS="1113"
                    WIDTH="626"
                    HEIGHT="76">
            <Shape><Polygon POINTS="864 1122 851 1121 839 1118 826 1117 814 1115 807 1113 766 1120 748 1121 738 1120 706 1115 704 1115 703 1115 702 1115 694 1121 691 1125 657 1125 652 1122 647 1117 645 1117 644 1117 643 1117 642 1117 640 1117 640 1118 635 1122 630 1127 541 1130 522 1125 511 1122 510 1122 508 1122 507 1122 500 1126 488 1131 458 1126 443 1125 442 1125 441 1125 434 1127 419 1132 394 1128 387 1127 385 1127 384 1127 383 1127 383 1128 382 1128 374 1136 350 1130 346 1128 345 1128 344 1128 343 1128 339 1130 311 1139 292 1131 291 1131 290 1131 248 1131 251 1180 251 1189 874 1162 874 1156 870 1122 864 1122"/></Shape>
	    <String CONTENT="De Iesꝯ Christ, non par l humaine"
                    HPOS="248"
                    VPOS="1113"
                    WIDTH="626"
                    HEIGHT="76"></String>
          </TextLine>

          
          
          <TextLine ID="eSc_line_7056052c"
                    
                    BASELINE="253 1223 811 1203" 
                    HPOS="251"
                    VPOS="1165"
                    WIDTH="560"
                    HEIGHT="68">
            <Shape><Polygon POINTS="253 1223 253 1233 358 1224 384 1231 387 1231 388 1231 389 1231 390 1231 395 1230 432 1221 464 1229 473 1230 474 1230 550 1228 551 1228 552 1228 552 1226 554 1226 560 1220 581 1225 589 1226 590 1226 591 1226 593 1226 593 1225 594 1225 603 1216 616 1223 618 1223 619 1223 620 1223 650 1215 667 1223 669 1224 671 1224 672 1224 673 1224 677 1223 696 1214 717 1219 718 1219 720 1219 787 1209 807 1219 811 1203 807 1165 251 1184 253 1223"/></Shape>
	    <String CONTENT="Tradition, en quoy l ung meine"
                    HPOS="251"
                    VPOS="1165"
                    WIDTH="560"
                    HEIGHT="68"></String>
          </TextLine>

          
          
          <TextLine ID="eSc_line_77fb3c61"
                    
                    BASELINE="253 1272 811 1250" 
                    HPOS="253"
                    VPOS="1208"
                    WIDTH="558"
                    HEIGHT="72">
            <Shape><Polygon POINTS="253 1262 253 1272 253 1280 811 1258 811 1250 807 1211 771 1216 757 1213 737 1208 736 1208 735 1208 733 1208 732 1208 732 1209 725 1215 722 1218 713 1215 694 1209 693 1209 692 1209 691 1209 676 1216 669 1220 647 1218 593 1213 591 1213 590 1213 589 1213 579 1221 574 1224 561 1221 518 1215 517 1215 516 1215 515 1215 515 1216 507 1224 506 1226 481 1228 474 1226 451 1218 449 1218 448 1218 447 1218 403 1229 402 1229 375 1224 374 1224 260 1235 253 1262"/></Shape>
	    <String CONTENT="Dung coste, ⁊ lautre de lautre,"
                    HPOS="253"
                    VPOS="1208"
                    WIDTH="558"
                    HEIGHT="72"></String>
          </TextLine>

          
          
          <TextLine ID="eSc_line_d131ec42"
                    
                    BASELINE="255 1317 878 1296" 
                    HPOS="255"
                    VPOS="1253"
                    WIDTH="623"
                    HEIGHT="76">
            <Shape><Polygon POINTS="743 1253 727 1263 699 1255 692 1255 686 1255 658 1265 657 1265 655 1265 601 1259 591 1259 584 1259 567 1268 521 1262 516 1262 503 1263 500 1263 482 1268 467 1264 466 1264 456 1264 438 1273 437 1273 433 1273 388 1267 378 1268 365 1268 353 1268 261 1278 256 1293 255 1317 255 1321 306 1321 309 1322 325 1329 326 1329 327 1329 329 1329 351 1322 390 1327 392 1327 393 1327 410 1319 418 1317 467 1318 546 1322 547 1322 549 1322 550 1322 556 1317 564 1312 574 1317 583 1321 584 1321 585 1321 586 1321 595 1317 604 1311 611 1316 616 1319 618 1319 619 1319 620 1319 622 1319 634 1316 659 1307 733 1306 753 1313 756 1314 757 1314 758 1314 760 1314 761 1314 762 1313 776 1304 790 1313 791 1313 792 1313 794 1313 795 1313 797 1313 821 1306 875 1311 878 1296 875 1259 834 1253 833 1253 765 1260 750 1253 743 1253"/></Shape>
	    <String CONTENT="Ne laisse poĩt Christ, poͬ ung autre"
                    HPOS="255"
                    VPOS="1253"
                    WIDTH="623"
                    HEIGHT="76"></String>
          </TextLine>

          
          
          <TextLine ID="eSc_line_43007191"
                    
                    BASELINE="256 1367 779 1350" 
                    HPOS="255"
                    VPOS="1303"
                    WIDTH="524"
                    HEIGHT="82">
            <Shape><Polygon POINTS="255 1347 256 1367 256 1382 315 1375 344 1381 361 1385 363 1385 364 1385 376 1380 394 1373 405 1378 413 1382 414 1382 415 1382 480 1381 481 1381 496 1376 524 1367 555 1373 556 1373 606 1365 632 1371 644 1375 645 1375 647 1375 648 1375 666 1370 704 1361 777 1366 779 1350 776 1312 706 1303 704 1303 703 1303 702 1303 702 1304 701 1304 696 1312 662 1314 556 1308 555 1308 554 1308 536 1317 424 1313 423 1313 422 1313 403 1323 402 1323 272 1318 271 1318 270 1318 268 1318 263 1321 255 1347"/></Shape>
	    <String CONTENT="Sa parolle, pour tout certain"
                    HPOS="255"
                    VPOS="1303"
                    WIDTH="524"
                    HEIGHT="82"></String>
          </TextLine>

          
        </TextBlock>
        
      </PrintSpace>
    </Page>
  </Layout>
</alto>
