1141 1507
160 135 479 69 Est l esprit de uie, ⁊ le pain

160 187 524 61 Pour nourrir la Chrestiente;

159 232 566 63 Et nul tant soit il hault monte

160 280 546 64 Ny doibt messer de qui pro quo

158 322 629 72 D humain scauoir. Bõ oeuure.

157 372 216 57 Ego credo;

157 416 541 67 Mais ordonnez cy en commun

157 465 493 64 La medecine a ung chascun

154 512 473 56 Selon sa propre infirmite,

154 560 419 57 Don estat ⁊ sa qualite,

152 605 609 68 Et baillez pour tout nostre affaire

153 653 525 61 De l argent pour l apoticaire,

150 698 552 68 Car chascun uit de son mestier.

344 749 222 54 Le medecin.

150 789 539 66 Ua, tu n en as point de mestier

153 840 506 59 Il te sera baille pour neant.

343 889 242 51 Bon oeuure.

150 928 557 64 Sire, escriuez tout maintenant

152 979 438 63 La recepte pour sa sante.

344 1028 225 53 Le medecin.

153 1072 414 59 Or notez ce bon recipe,

154 1117 446 59 Ie l escriray icy en forme;

764 1140 131 68 Scribit

154 1165 583 55 Il fault auoir la langue d hõme,

148 1213 480 60 Langue de lyon, ⁊ de boeuf

147 1257 591 60 Et langue d aigle, doulx ⁊ souef;

148 1304 600 78 Puis tout passer par ung passot.
