1141 1507
412 130 248 58 Bon oeuure.

219 173 492 61 Ce beau recipe nest pas sot;

223 222 605 63 Mais dittes nous ce quil denotte.

408 270 232 56 Le medecin.

223 318 732 57 Langue d homme sainct Matthieu notte;

223 362 601 59 Laugue de lyon cest sainct Marc,

223 408 567 61 Langue de boeuf auec le marc,

224 455 733 63 Pour sainct Luc, uaisseau de dieu miste.

224 503 591 62 L aigle pour Iehan l euangeliste;

223 550 601 60 Ces langues uous destremperez,

224 595 565 65 En bon uin blanc, que baillerez

223 642 430 57 A boire a la Chrestiente.

414 690 245 59 Bon oeuure.

223 733 411 61 Du uin le significate,

224 781 529 60 Dictes monsieur le Medecin?

413 830 222 59 Le medecin.

224 874 452 66 Il signifie amour diuin,

222 924 603 61 L amour quon doibt auoir a dieu,

221 968 622 65 Grace ⁊ pardon naurõt point lieu,

219 1017 480 59 Au corps de la Chrestiente;

223 1063 484 55 Si les membres en charite,

223 1107 579 65 Ne sont par doulx accordz unis.

413 1159 244 55 Bon oeuure.

221 1200 597 59 Seigneur, ie feray tous uoz ditz,

219 1249 577 58 Et m en iray uers Bon scauoir.

222 1296 621 76 Mais il fault tout premier scauoir
