1141 1507
175 110 606 77 En quel lieu demeure en la uille.

370 165 220 57 Le medecin.

174 200 489 68 En la rue de saincte Bible;

172 249 488 73 Cest a l enseigne de la croix.

363 305 246 60 Bon oeuure.

170 340 509 70 Ie le uoy la comme ie crois.

165 393 562 70 Cest luy que ioy ainsi chantant.

260 443 461 66 Bõ scauoir l appoticaire.

791 472 135 56 Cãtãdo

165 480 604 75 Tãt q̃ uiuray, en eage florissant,

162 532 663 75 Ie seruiray le seigneur tout puissant,

159 581 713 74 En faisant ditz ⁊ chansons par accordz ;

158 625 688 75 Le uieil serpent ma tenu languissant,

157 671 760 82 Mais Iesus christ, ma faict resiouyssant,

157 718 747 81 En exposant pour moy son sang ⁊ corps.

153 764 583 67 Son alliance; Cest ma fiance.

154 813 661 74 Il est tout mien, Ie suis tout sien,

154 861 523 68 Fy de tristesse; Diue liesse

150 905 585 69 Puis qu en mõ dieu, a tãt de biẽ.

818 930 91 59 bis.

340 960 246 52 Bon oeuure.

766 969 134 103 Pausa.

147 999 473 63 Sauue soyez par le moyen

147 1044 542 71 De Iesus christ, ⁊ de sa grace.

338 1096 247 61 Bon scauoir.

143 1137 561 68 Et puis que fault il que ie face,

143 1186 564 71 Ie suis prest y ne fault que dire.

334 1240 242 52 Bon ocuure.

141 1279 584 79 Par le commandement du mire,

720 1337 30 67 F
