1141 1506
246 115 401 65 Il fault faire ce recipe.

420 161 251 56 Bon scauoir .

241 207 488 64 Il me semble estre anticipe;

234 250 524 67 Cest ung signe que le malade

235 298 547 67 Est moult grefue d une salade,

239 346 530 68 Quil ha mange. Le medecin?

428 395 244 61 Bon oeuure.

239 441 460 62 Le medecin est tout diuin;.

238 486 545 66 Cest Iesus Christ de nazareth.

428 534 252 62 Bon scauoir.

249 577 539 68 Il fault faire donc ung iullep,.

239 631 607 57 Comme il appert par l ordonnãce.

431 683 244 51 Bon oeuure.

242 719 629 64 Auant, Bon scauoir quon s auance

247 768 580 64 Durant quauons tẽps oportun.

286 823 675 60 Nota quil fault une estamine, ⁊ feindre de

288 867 665 65 passer q̃lq̃ liqueur, ⁊ la mettre en une fiolle.

441 912 253 58 Bon scauoir .

254 957 514 60 Il conuient le tout en cõmun

251 1005 512 59 Passer parmy une estamine;

249 1051 480 63 Affin que bien on examine

253 1098 507 59 La parolle de dieu bien clere;

268 1145 507 59 Iay pour fournir a ce mistere

256 1192 454 63 L estamine de bon conseil,

261 1239 233 67 Or passons.

446 1283 243 77 Bon oeuure.
