1141 1507
138 125 501 55 La parolle de Iesus Christ.

136 173 541 63 Pour resueiller uostre esperit,

138 219 421 61 En medecine salutaire.

329 267 221 59 Chrestiente.

139 312 532 57 Helas, ⁊ ie le doibz bien faire;

138 362 538 58 Ie ne me puis trop trauailler,

138 408 481 51 Pour ce me uueil humilier

134 454 415 55 A receuoir la medecine.

330 504 211 56 Le docteur.

134 545 513 59 Cest la parolle ⁊ la doctrine,

134 592 630 59 Pour uous guarir ma bõne soeur;

133 637 475 62 Receuez la en foy de coeur,

136 686 553 61 Et rendez grace au roy Iesus.

755 705 137 57 Bibit in

329 733 220 59 Chrestiente.

753 756 134 56 urceolo.

136 776 619 61 Graces uous rendz roy de la sus

135 831 626 53 Car uous mauez uoulu repaistre,

136 874 630 57 Des biens qui de uous sont yssus;

138 921 628 58 Graces uous rendz roy de la sus.

184 968 475 59 Par mon peche cõfuse fuz;

138 1014 583 58 Ie ne m en puis seulle demettre,

138 1061 608 52 Graces uous rendz roy de la sus;

138 1107 626 58 Car uous mauez uoulu repaistre,

140 1151 627 60 Des biens qui de uous sont yssus.

140 1200 520 60 Docteur, gardez biẽ la fiolle.

341 1254 145 52 La foy.

141 1292 704 73 Bienheureux est, qui garde la parosle

677 1347 99 69 F iii
