1141 1506
222 120 735 65 De Iesus Christ, de faict ⁊ non par rolle.

219 168 573 60 Chrestiente tu doibs psalmodier

223 209 752 70 Par cest escrit, qui n est faict dhuy ne dhyer;

223 261 628 65 Pour ton salut souuent cela recolle.

416 308 212 62 Esperance.

224 348 660 71 Ce sainct scauoir auras en ton escolle,

228 397 636 66 Il adoulcit l homme marry en cosle;

225 444 592 60 Et qui le ueult souuent estudier,

228 490 675 68 Bienheureux est qui garde la parolle.

409 543 163 51 Charite.

227 584 611 67 Comparaison, a luy ne sequipolle;

227 631 688 69 Car ce scauoir, destruict erreur friuolle;

227 678 581 62 Contre heresie, il peult remedier,

230 726 476 60 Hypocrisie, aussi repudier.

228 771 619 61 A celle fut dit, qui sa uoix extolle;

230 818 703 68 Bienheureux est, qui garde la parolle.

237 867 524 66 Il fault chasser peche dehors.

412 916 250 51 Bon oeuure.

229 960 433 61 A ce faire faisons effors,

232 1009 502 59 Par les ieusnes ⁊ oraisons;

233 1052 623 64 Que nous faisons toutes saisons,

235 1101 602 56 Sans discerner places ne heures;

235 1150 623 58 Ny conuentz, n aucunes demeures;

237 1193 545 56 Nulles ordres, nulles rasures,

237 1239 601 56 Nulz nombres, ⁊ nulles mesures,

237 1286 620 75 Nulz iours solennelz, nulles festes,
