1141 1506
155 115 743 60 Nont poĩt cõgneu, cõe on doit au ciel tẽdre

154 164 753 60 Par grace en foy, sans oeuures iudaiques.

154 209 659 60 Or delaissez leurs sentences obliques

153 254 649 62 Subtilitez, ⁊ songes phantastiques,

153 302 757 63 Uous appliquãs, au diuin uerbe entendre

153 348 758 59 Sãs doubte auoir, dengin soit dur ou tẽdre

155 395 752 63 Que Christ uoꝰ ueult faire enfans deifiq̃s

154 441 748 73 Par grace en foy, sans oeuures iudaiques,

153 486 273 62 En son escolle,

153 532 384 67 Sainct Paul recolle

156 581 309 61 Que cest de foy;

156 627 283 55 Or ty consolle.

158 675 298 56 Tu seroys folle,

155 719 252 64 Si par la loy,

154 769 302 61 De pape ou roy,

153 817 371 55 Uouloys sans moy,

154 859 491 57 Monter a la saincte carolle

154 904 525 66 Des bienheurez en bel arroy,

154 960 444 56 Chrestiente aura requoy,

154 1000 553 60 Par seulle foy sans monopole,

156 1044 599 69 Qui ha la foy, il est le filz de dieu

154 1095 552 57 Et a pouoir, dit S. Matthieu;

154 1140 556 61 Dessus la puissance infernalle,

156 1187 595 68 Qui a la foy, il uaincq le diable,

156 1233 407 63 Par foy on est iustifie,

156 1281 347 74 Et de salut certifie;

681 1332 94 54 A iii
