1140 1506
205 136 706 61 Il fault donc, quen quelque coing aille;

202 181 629 63 Mauldicte foy, cest tout par uous.

394 229 147 58 La foy.

204 271 609 65 Ie uous romperay tout de coups;

202 323 527 61 Uuydez dicy dehors bien tost.

394 367 214 58 Hypocrisie.

203 412 533 62 Ie m en uoy a quelque cagot,

202 461 537 58 Qui blasmera les Chrestiens;

203 507 621 60 Qui disent que deulx ne sont riẽs,

199 553 551 60 Attribuantz a Christ leur faict;

200 603 623 57 Mais iauray tout biẽ tost deffaict,

199 655 537 52 Par mon cagot qui preschera,

202 695 522 54 Que bon oeuure les sauuera;

199 740 558 54 En meritant ung hault degre,

202 791 597 56 Quand ilz feront tout a leur gre,

202 835 388 58 Par supererogation;

203 883 395 50 D auoir iure religion,

200 928 518 54 D auoir uescu en continence,

200 973 606 53 Ou gaigne bien grãde indulgẽce,

198 1026 621 57 Pour aucune bonne oeuure faicte,

197 1068 485 56 Uiuantz en familiere secte;

197 1116 573 51 Au nom dung sainct denominee,

197 1160 541 57 Dont Chrestiente est mangee;

195 1208 494 59 Mais en la fin il sera mien,

194 1253 580 64 Car Iesus christ nest son moyen;

198 1303 525 64 Ne son mediateur pour uray.
