1141 1507
334 135 245 55 Bon oeuure.

131 182 507 57 Hors du pays uous iecteray

131 231 445 59 Peche damne, ⁊ interdit.

319 281 135 54 Peche.

129 321 624 53 De dieu soit Bon oeuure maudict,

129 369 577 56 Ie m en reuoys aux ors paludz,

123 415 495 55 Auecques Sardanapalus,

125 459 625 55 Plonger dedans mes chaulderõs,

124 506 628 64 Puis que prescheurs prescher orrõs

123 555 468 56 L euangile des chrestiens;

123 600 541 54 Mauldictz soient ces bibliens,

123 648 558 54 Qui uont L euangile prescher;

120 695 532 58 Mais il leur sera uendu cher,

119 742 491 56 Car ie les feray tous rostir,

118 788 627 57 Comme sainct Laurens le martyr;

128 833 613 62 Iay faulx semblãt, ⁊ papelardise,

118 881 407 59 Simonie, ⁊ hypocrisie,

118 926 536 61 Qui prescheront leur Aristote

115 977 474 55 Contre cest euangile sotte,

115 1020 627 56 Qui me faict ꝑdre mes practiques.

115 1068 594 57 Bibliens ne sont que heretiques,

115 1116 623 55 Contredisans aux loix humaines.

116 1164 619 56 Mais q̃lque iour de ces sepmaines

114 1209 569 58 Par moy en seront guerdonnez

113 1259 568 52 Et des docteurs au feu donnez,

114 1301 627 70 En sa fin de leurs iours urayemẽt.
