1140 1506
411 145 215 52 Le docteur.

223 192 570 55 Uiuez maintenant sainctement,

227 234 533 63 Gardez uous bien a laduenir

225 281 474 59 De plus a peche consentir;

224 327 607 65 Ne pechez plus, uueillez bien faire

225 373 586 62 Et querez a ung seul dieu plaire

228 422 591 63 Par dessus tout, uoyla le poinct.

419 470 225 59 Chrestiente.

234 514 697 64 Iay en mon coeur ung uers qui poinct

232 563 623 65 Lequel me mort, picque âŠ oppresse.

423 616 212 51 Le docteur.

231 650 522 70 Affin que cela ne uous blesse,

232 701 570 69 Soustenez uous dessus la foy,

232 751 448 63 Esperance que cy ie uoy,

233 794 486 61 Et charite uous ayderont;

234 842 510 62 Ces uertus auec uous iront

234 891 486 57 Et osteront ce dur remors.

238 933 545 69 Christ a purge uoz pechez ordz

238 983 516 61 En son pur sang croyez cela,

241 1032 557 62 Laissez donc passer ce mors la,

242 1079 459 59 Et soyez du tout asseuree,

244 1120 608 67 Que uostre offense est pardonnee

244 1169 574 62 Sans iamais le uous imputer,

244 1213 626 65 Bon oeuure ne uous fault laisser,

247 1262 604 67 Mais par la foy faire bon fruict,

248 1311 511 78 Car tout arbre sera destruict;
