1141 1507
144 110 554 60 Lequel bon fruict ne produyra

141 154 550 63 L arbre a bon fruict sauue sera;

141 202 563 60 S. Matthieu le dit en son texte.

334 251 223 54 Chrestiente.

140 292 567 64 Puis que iay la foy ie proteste,

143 339 500 64 De la garder, ⁊ Esperance,

141 386 481 57 Et si ueulx auoir alliance

140 433 434 60 A Charite toute ma uie.

238 478 454 59 Les .iii. uertus ensemble.

141 524 556 61 Et nous a uous aussi mamye,

141 576 512 59 Remerciez dieu de bon coeur.

335 620 226 59 Chrestiente.

144 661 626 68 Grace uous rendz mon redẽpteur,

144 710 603 68 De tous les biẽs que mauez faict,

143 759 486 59 Uostre parolle ma reffaict.

143 806 427 61 Et a chasse Hypocrisie.

144 853 454 62 Et de Peche la punaisie,

145 899 627 57 Bon oeuure ayez tout maintenãt,

144 944 633 60 Aux paoures gens la main tenant

147 992 588 65 Et leur faictes du bien huymais

153 1037 589 66 Ie ne ueulx plus donner iamais

145 1088 531 58 Rien, a ces quattre mendians

148 1132 575 62 Certes depuis quattre cens ans

165 1176 475 68 Ilz ont introduict Heresie,

152 1224 560 60 Soubz la couleur D hypocrisie

152 1270 623 78 En me uedãt leurs faulx merites,
