1140 1506
210 110 582 59 Ainsi ont faict ces folz hermites,

210 159 612 60 Et ces p̃bstres qui par leur messe,

213 207 584 62 Mont faict de paradis promesse;

212 253 488 62 Et toutesfoys il est notoire

213 298 608 63 Quilz ne font rien, q̃ d autãt boire

212 345 625 62 Et gourmander; ⁊ si nous preschẽt,

212 391 627 64 Que quand ilz labourẽt qͥlz pecchẽt

212 439 567 62 Car leur pape a tous le deffend.

403 488 200 59 L aueugle.

214 529 514 63 De famine le coeur me fend,

214 579 550 62 Iay tout uuyde ma salouerne.

401 628 244 50 Bon oeuure.

213 672 541 59 Or n allez plus en la tauerne,

213 717 625 71 Uoyla bien dequoy uous repaistre.

401 768 202 59 L aueugle.

212 811 278 59 Graces a dieu.

403 855 204 59 Le uarlet.

212 903 371 59 Allons mon maistre

214 951 486 61 Iay de l arthis, ⁊ de la crye,

214 998 587 68 On ne faict rien qui hault ne crie

212 1046 270 59 A telles gentz.

400 1093 201 56 L aueugle.

215 1142 424 55 Tays toy Guillaume,

213 1185 491 59 Et si me donne du duresme

215 1233 496 63 Des auergaulx ⁊ du piuot.

405 1280 198 82 Le uarlet.
