1140 1507
418 140 205 53 Le uarlet.

235 184 543 64 Souuent ouy prescher l auoys;

235 228 625 62 Mais deuant dire prou uous face,

235 275 630 70 Chantõs nous deux a Iesus grace.

317 332 507 54 Sur le chant; Languir my fais.

235 370 612 63 Graces a dieu soit en ceste iournee

236 414 760 73 Qui nous repaist, comme ses enfans chers

236 460 756 72 Sans desseruir; de pain, de uin, de chairs,

237 511 535 65 Et si auons sa bonte offensee.

285 557 560 62 Sa parolle est uiande sauoree,

238 601 739 69 Pour nous nourrir en ces diuers sentiers,

238 648 709 69 Mais que soyons en saincte Foy entiers

240 696 615 66 Cest uiande qui est du ciel donnee.

285 742 677 69 Par Iesus christ elle est preordonnee,

242 787 735 70 Aux urays croyans, les siens coheritiers.

243 833 757 71 Or chantons tous, en harpes ⁊ psaultiers

245 881 687 72 Graces a dieu; par uoix bien accordee.

438 934 245 59 Chrestiente.

867 928 134 57 Pausa.

243 975 579 68 Pour euiter peche d ingratitude,

247 1024 549 67 Qui faict retraict ⁊ reuocation

247 1064 757 73 De tous biensfaictz; mettons cure ⁊ estude

245 1116 668 70 A rendre grace, en grand mansuetude

245 1165 504 60 Au medecin de ma sanation.

441 1214 211 55 Le docteur.

253 1255 501 73 Il a purge toute corruption

252 1299 596 83 De uil peche, dont estiez infectee;
