1141 1506
148 107 611 54 Puis qua cela uous estes affectee,

148 151 610 54 Auec uous irons tres uoulentiers;

154 198 735 61 Foy, ⁊ Espoir, uous tiendront cõpagnie,

149 245 558 53 Et Charite accomplira le tiers;

150 293 687 55 Bon oeuure ira apres par ces sentiers,

150 338 752 62 Malheureux est qui ung tel cõpaing nye,

151 386 558 60 Or saluez le Medecin mamye;

149 432 581 57 Enuers tous est misericordieux,

150 476 722 62 Approchez uous hardiment de ses lieux.

342 528 236 58 Chrestiente.

769 538 125 58 Pausa

150 573 672 59 Uray medecin des ames, ⁊ des corps,

150 621 744 59 Graces te rendz de tous tes dõs parfaictz

151 672 614 54 En te priant que tu ne soys recordz

150 714 662 61 De mes pechez, salles, uilles, ⁊ ordz,

150 761 752 62 Moy ⁊ les miẽs, par eulx sõmes deffaictz,

153 806 676 63 Perdus, infectz, si tu ne nous refaictz,

151 854 673 65 Uueille nous en (medecin), despecher.

346 903 222 57 Le medecin.

153 945 686 65 M amye, allez gardez uous de pecher.

151 996 679 59 A uec uous ayez ces sainctes dames,

155 1042 643 61 L a Foy, Espoir, ⁊ ferme Charite,

155 1091 718 53 I ustice, ⁊ paix, seront salut aux ames.

154 1137 756 62 N oubliez poĩt de pugnir les blasphemes.

155 1182 721 64 G ouuernez uous tousiours par uerite.

153 1229 502 54 R ecours ayez a la diuinite .

155 1276 736 56 E t en nul autre; or scauoir ie uous fay

156 1324 725 70 S ainsi faictes, uous naurez morte foy.
