1140 1507
426 100 221 58 Le docteur.

232 143 669 64 Prenez en gre pardonnant a ieunesse,

237 194 626 54 Ieu nest ce pas, si aucun on y blesse;

230 239 711 63 Blesse qui ueult, ie ne uueil nul blesser.

230 286 633 60 Ce ieu moral est pour nous adresser

230 334 696 60 A Iesus christ, qui les errantz radresse.

277 380 712 60 Uous auez ueu comment peche nous presse

230 433 649 50 Par sa poison, ⁊ rend l ame l adresse,

230 474 756 66 Mes bõs seigneͬs, cest pour uoꝰ enseigner.

454 527 272 49 Prenez en gre.

276 565 517 57 Chrestiente de follier ne cesse,

227 611 644 57 Et de resuer ainsi que une diablesse;

227 660 686 59 Mais Iesus Christ la uient medeciner

226 707 601 56 Par sa parolle, ⁊ bien endoctriner

226 756 589 65 La remectant en bon sens ⁊ liesse.

451 806 267 59 Prenez en gre.

271 944 655 59 ¶Nouuellement Imprime a Paris,

373 992 449 59 par Pierre de uignolle,

412 1038 368 62 demourant en la rue

487 1082 220 64 de la Sor-

525 1139 134 47 bonne.

514 1179 158 61 1533
