1141 1507
240 115 684 65 Par foy on faict les grandz miracles;

241 163 553 60 En Iherico les propugnacles,

238 210 513 57 Sont atterrez, ⁊ confondus.

238 256 499 60 Ces motz notez ⁊ entendus,

242 301 601 61 On doit par la foy en dieu croire.

369 350 337 54 Esperance primo

237 395 567 63 Dame affin qu il te soit notoire

256 442 492 52 Ie suis une attente certaine,

236 491 578 52 De paruenir au hault domaine,

234 533 600 63 De Iesus Christ; par ses merites,

229 582 602 60 Car par moy les cieulx tu herites,

229 630 487 58 Et es receue auec l espoux,

231 675 531 60 Non pour auoir tue les poux,

228 722 582 60 Ains par auoir seulle esperance,

229 766 624 65 En ung seul dieu, qui par clemẽce;

227 815 449 55 Sauue les filz delection.

355 864 277 56 Charite primo.

226 907 623 65 De charite Paul ad Timotheum

224 955 507 60 Uous a descrit la diffinition

223 999 694 65 Elle est (dit il) fin du commandement

224 1049 756 64 Dun coeur tout pur, sans uiure feintemẽt

221 1093 583 66 Ayant la foy, pour sa fondation.

267 1144 532 55 Auoir en dieu ferme dilection,

218 1186 618 67 Et au prochain, sans faire election

219 1235 658 68 Cela prouient en uous ceriainement,

219 1279 233 65 De Charite.
